2468 4500
643 287 765 292 ..—.
794 285 1004 291 ..---..-.--
1024 286 1038 299 ,.
1060 285 1138 299 --π-

326 398 565 453 auruonoum
591 397 814 449 oxoumusrs.
1069 396 1089 449 ⁷·
1135 360 1138 475 l

60 773 61 803 ,
124 720 252 785 “Roma
266 731 380 806 potens
394 719 515 805 opibus,
532 730 623 784 terrae
639 729 744 804 caput,
760 718 880 804 inclyta
893 718 993 796 bellis,

192 853 259 920 Sub
273 854 354 940 pede
369 877 455 917 nunc
470 853 601 938 populos
616 852 701 916 mille
717 852 852 937 superba
866 852 959 917 terit:

153 988 197 1051 At
214 989 305 1053 carlet
320 988 443 1074 ingenti
458 1011 532 1052 mox
548 997 647 1052 strata
661 987 695 1051 in
709 987 840 1072 pulvere
855 987 956 1072 lapsu,

192 1121 314 1185 Moenia
324 1122 392 1206 jam
407 1121 510 1186 victor
524 1121 677 1185 barbarus
692 1119 782 1186 eccel
806 1121 896 1206 petit.

126 1394 142 1421 “
158 1383 337 1450 Sucorescet
353 1384 463 1450 Rornae
477 1383 598 1449 soboles
612 1384 741 1470 indigna
755 1395 931 1469 parentum,

192 1517 226 1581 N
228 1542 269 1582 on
285 1518 345 1582 erit
361 1517 394 1581 in
408 1517 511 1603 pretio
526 1516 625 1591 miles,
642 1526 679 1580 ut
694 1530 778 1593 ante,
795 1538 872 1590 suo;

153 1651 284 1716 Praemia
298 1662 368 1716 tum
383 1650 473 1715 famae
488 1649 622 1724 numeri,
638 1673 701 1713 non
717 1671 812 1725 arma,
828 1648 1005 1724 merebunt,

195 1785 331 1870 Solaque
346 1785 541 1871 degenerum
553 1783 653 1869 gloria
664 1806 790 1848 carmen
805 1782 875 1859 erit.

61 2086 62 2111 r
126 2062 142 2090 “
157 2051 216 2119 Sed
229 2077 330 2140 genus
346 2076 416 2116 acre
432 2051 545 2128 virum,
562 2051 659 2137 sylvis
673 2051 783 2114 innata
797 2073 945 2135 propago,

192 2187 344 2252 Protinus
358 2187 391 2250 in
407 2186 521 2251 nostris
535 2185 695 2251 exorietur
710 2185 792 2271 agris
804 2207 812 2260 ;

152 2320 411 2406 Fulminibusque
426 2331 547 2406 potens,
564 2321 691 2404 alasque
706 2319 818 2383 induta
832 2318 980 2394 nitentes,
997 2343 1000 2348 ·

192 2456 329 2542 Imperio
345 2467 444 2521 terras
458 2456 609 2521 nobiliore
623 2465 723 2540 reget.

121 2721 228 2786 “Tum
242 2747 334 2799 nova,
353 2722 503 2788 Caesareis
518 2722 628 2808 ignota
642 2720 832 2796 cohortibus,
849 2742 925 2784 arva

192 2855 351 2928 Dicentur
366 2854 479 2920 sobolis
494 2853 656 2940 splendida
669 2876 767 2938 regna
781 2863 864 2916 tuae:

152 2987 211 3052 llla
224 2988 342 3074 plagas,
359 2987 472 3071 aquilae
487 3008 566 3070 quas
580 3007 644 3049 non
655 2983 790 3070 tetigere
805 2983 956 3069 superbae,

193 3122 319 3189 Gestiet
334 3121 452 3186 invicta
466 3119 661 3206 praeripuisse
676 3118 801 3182 manu.'’

153 3388 241 3454 Talia
254 3389 440 3478 grandaevus
455 3399 562 3453 vates:
587 3387 664 3450 (lum
678 3385 806 3472 praescia
819 3384 879 3449 fati

193 3525 330 3590 Pectora
343 3524 450 3589 divino
464 3522 603 3588 fervidus
617 3522 691 3608 igne
707 3531 819 3596 tumet,

49 3672 51 3693 ¹
151 3658 274 3724 Pronus
290 3669 323 3724 et
337 3659 370 3722 in
386 3657 515 3723 chordas
530 3657 698 3743 plusquam
713 3653 845 3718 mortale
862 3660 1009 3716 sonantes

46 3808 49 3837 ι

944 4134 975 4164 Ba

194 3793 324 3858 Excitat
339 3804 452 3879 argnto
467 3791 578 3877 pollice
593 3792 684 3855 dulce
699 3789 804 3854 melos.
