2468 4500
285 397 524 449 ANTHOLOGIA
550 397 778 448 OXONIENSIS.
1008 400 1040 448 51

163 695 277 779 Atque
294 704 315 733 ‘⁶
328 695 409 760 Haec
425 694 508 760 unde
524 694 607 781 capit
622 695 666 760 sic
681 697 838 782 magicis,'’
853 696 907 774 ait,

131 836 152 866 “
166 826 266 893 Sedes
281 827 461 892 illecebris?
484 828 577 894 Ilicet
592 829 727 894 alterum

255 961 363 1026 Mater
378 972 498 1046 quaerat
516 960 678 1041 Amorem,

1093 338 1096 541 l

1093 586 1096 763 l

1094 824 1096 915 r

1094 934 1096 1055 l

298 1094 364 1158 Hic
379 1105 486 1160 nestro
501 1095 632 1181 imperio
647 1096 787 1161 domus.”

919 1209 944 1247 c.
961 1208 982 1247 s.

463 1596 595 1642 XXVIII.

129 1752 208 1816 TAM
224 1753 347 1839 cupidis
362 1753 455 1819 hodie
472 1777 566 1839 quem
583 1766 692 1841 specto
704 1756 839 1821 blandus
854 1756 960 1822 ocellis

169 1886 236 1951 Iste
251 1898 328 1951 tuus
343 1887 430 1952 dulci
445 1911 561 1952 vernus
577 1889 610 1951 in
626 1912 680 1953 ore
695 1889 799 1966 decor,

10 2040 12 2083 ε
128 2017 238 2096 Crede,
254 2019 334 2083 meis
349 2018 376 2082 si
391 2041 459 2083 cras
474 2019 601 2105 fugeret
617 2032 759 2085 mutatus
774 2022 807 2085 in
822 2022 916 2100 ulnis,

172 2152 289 2234 Qualia
304 2176 375 2238 quae
391 2152 553 2240 Nymphae
568 2154 646 2219 dant
661 2155 806 2241 fugitura
820 2156 904 2234 deae3

128 2286 228 2351 Fidus
243 2286 346 2352 adhuc
361 2288 464 2352 cultor
478 2299 547 2353 tcto
563 2300 595 2353 te
611 2290 703 2354 corde
718 2289 876 2368 foverem;

172 2418 254 2486 Cara
269 2419 351 2484 fores
367 2420 494 2506 pariter,
511 2421 596 2486 facta
610 2433 746 2487 venusta
760 2424 883 2501 minus3

14 2572 16 2631 ς
129 2551 265 2629 Interea,
282 2552 390 2638 priscae
406 2553 465 2618 tibi
480 2577 537 2639 per
552 2554 686 2640 vestigia
700 2555 808 2620 fcrmae

172 2684 297 2750 Nexilis
312 2697 430 2750 aeterna
444 2686 556 2752 fronde
570 2688 687 2753 vireret
702 2713 798 2754 amor.

16 2884 18 2933 5
131 2882 218 2947 Dum
233 2884 293 2949 tibi
310 2888 369 2949 nec
383 2885 486 2971 turpis
501 2910 632 2952 veneres
647 2888 839 2973 praedabitur
854 2901 938 2966 aetas,

172 3021 333 3107 Lacryma
347 3045 407 3087 nec
422 3033 548 3087 teneras
562 3023 684 3108 polluet
699 3047 782 3109 aegra
797 3048 905 3110 genas,

17 3194 19 3217 ι
133 3155 205 3220 Non
219 3167 371 3242 poterunt
385 3180 432 3234 ea,
449 3142 539 3242 ¹queis
554 3158 610 3222 fies
625 3157 805 3224 labentibus
820 3160 910 3223 annis

173 3286 294 3365 Carior,
311 3289 475 3354 ardentem
491 3290 585 3355 corda
599 3293 731 3376 probare
747 3292 850 3356 fidem.

133 3423 263 3512 Frigida
278 3446 353 3487 nam
368 3423 470 3488 nescit
486 3447 583 3488 verax
598 3424 715 3489 oblivia
730 3435 851 3510 pectus,

173 3559 219 3624 Et
234 3561 343 3623 manet
358 3558 398 3622 ad
412 3558 518 3635 finem,
536 3558 592 3643 qui
606 3558 670 3624 fuit
684 3570 758 3624 ante
774 3560 876 3636 calor3

18 3690 20 3697 '
135 3688 182 3755 Ut
198 3690 318 3777 Clytie,
336 3713 399 3775 quo
415 3714 507 3755 mane
523 3714 616 3755 suum
631 3702 810 3768 veneratur,
827 3692 937 3757 codem

176 3827 311 3914 Deperit
326 3829 442 3891 obtutu
457 3849 587 3912 vespere
602 3827 667 3891 fixa
681 3827 785 3892 deum.

965 3938 989 3978 n.
