2468 4500
317 418 558 472 ANTHOLOGIA
584 419 813 472 OXONIENSIS.
1039 422 1074 475 47

115 1016 167 1081 Ac
183 1016 296 1088 veluti,
314 1038 415 1100 quum
434 1015 515 1081 Solis
531 1038 630 1098 equos
645 1016 766 1101 accepit
781 1017 909 1082 anhelos

113 1150 249 1226 Taurus,
266 1172 404 1235 apesque
419 1173 502 1214 novo
511 1150 579 1234 jam
594 1149 696 1235 prima
711 1150 857 1214 examina
871 1175 945 1216 vere

111 1285 255 1351 Emisere
270 1284 361 1362 faris,
376 1284 548 1370 pendentia
562 1307 648 1348 more
664 1284 798 1349 racemi:
984 1246 989 1255 ·

113 1418 180 1482 Illae
196 1418 282 1483 inter
297 1419 390 1483 flores
405 1428 438 1483 et
453 1428 545 1502 prata
559 1417 700 1482 recentia
714 1440 784 1482 rore

114 1552 189 1617 Huc
204 1552 282 1616 illuc
297 1551 442 1628 volitant,
459 1550 576 1615 tabulis
591 1561 648 1614 aut
664 1550 799 1627 levibus,
816 1561 890 1615 ante

116 1683 308 1750 Stramineas
323 1707 420 1762 arces,
436 1685 539 1770 primo
548 1686 617 1770 jam
632 1685 726 1750 melle
741 1686 915 1762 madentes,

113 1819 353 1905 Exspatiantur‚
371 1834 404 1886 et
419 1820 453 1883 in
467 1820 608 1885 medium
623 1820 767 1885 consulta
782 1830 949 1905 reponunt.

114 1951 212 2016 Haud
227 1942 317 2017 secus
333 1942 423 2017 aeriae
438 1952 611 2017 densantur
626 1952 659 2015 in
675 1952 801 2038 agmina
815 1952 918 2017 turbae
931 1975 938 2027 ;

115 2082 193 2148 Inde
209 2082 320 2148 datum
336 2083 494 2169 accipiunt
509 2084 645 2170 signum,
663 2095 696 2149 et
711 2083 853 2149 mirabile
869 2085 958 2149 dictu
971 2084 978 2149 l

117 2216 261 2299 Quorum
276 2218 384 2304 magni
399 2229 496 2295 artus,
514 2229 546 2283 et
562 2221 704 2283 membra
719 2217 868 2282 immania
882 2242 985 2303 nuper

116 2349 192 2415 Visa
206 2350 388 2437 giganteam
405 2351 543 2415 Telluris
557 2351 684 2416 vincere
700 2351 830 2436 prolem,

115 2484 282 2549 Nanorum
295 2484 330 2548 in
343 2507 456 2569 parvas
471 2484 577 2549 subito
591 2485 723 2549 collecta
737 2484 855 2570 figuras

115 2618 287 2685 Innumera
302 2620 444 2706 angustis
460 2620 568 2706 spatiis
584 2619 754 2705 stipantur,
773 2630 810 2683 ut
825 2619 881 2683 illa

118 2751 203 2818 Gens
219 2753 382 2840 Pygma-a,
399 2753 474 2817 olim
489 2776 585 2838 super
600 2752 698 2817 Indos
712 2753 818 2817 accola
832 2763 974 2829 montes3

118 2885 314 2952 Naiadumve
330 2886 417 2952 chori
431 2887 573 2973 graciles,
590 2909 758 2971 parvaeque
776 2886 911 2971 Napaeae,

118 3018 262 3100 Quarum
278 3022 359 3086 forte
370 3022 459 3106 jocos
474 3021 578 3086 media
593 3021 652 3085 sub
668 3031 760 3085 nocte
777 3022 906 3085 colonus

117 3152 228 3219 Fontis
243 3178 360 3240 aquam
375 3179 482 3241 prope,
499 3157 552 3221 vel
567 3178 654 3220 serus
669 3155 729 3220 sub
745 3155 884 3240 tegmine
900 3155 974 3232 luci,

118 3287 187 3353 Aut
202 3289 301 3367 videt,
318 3301 374 3354 aut
390 3291 504 3355 vidisse
520 3301 631 3375 putat:
657 3312 752 3374 super
767 3289 886 3354 arbitra
900 3291 978 3355 coelo

118 3421 211 3486 Luna
226 3423 347 3501 sedena,
364 3435 456 3488 terrae
472 3424 607 3510 propior,
624 3424 824 3509 deductaque
840 3425 879 3488 ab
896 3425 971 3502 alto,

119 3551 279 3619 Pallentes
295 3554 426 3620 invertit
442 3578 561 3638 equos3
586 3556 771 3643 choreisque
783 3557 929 3642 jocisque

121 3685 207 3753 Gens
223 3689 358 3766 intenta,
375 3712 466 3753 aures
481 3689 588 3754 divino
604 3691 741 3755 carmine
757 3691 885 3755 mulcet.

122 3822 184 3888 Olli
198 3825 301 3890 mixta
315 3836 405 3890 metu
420 3837 603 3911 pertentant
618 3827 734 3912 gaudia
748 3838 868 3913 pectus.

930 3959 951 4000 J.
962 3958 988 3999 0.
999 3957 1023 3999 n.

56 4114 1125 4151 W
