2468 4500
487 405 539 454 AD
565 405 765 456 LECTOREM.

126 681 273 756 facilius
323 693 378 754 est
425 680 493 772 ad
513 681 803 755 mediocritatem
854 680 1037 777 quandam
1085 680 1124 752 in

128 829 266 904 Graecis
295 829 494 925 pervenire,
532 853 642 924 quam
674 828 890 902 Latinarum
917 828 1125 903 litterarum

127 999 215 1047 vere
249 973 409 1070 peritum
443 997 529 1044 esse.
583 971 763 1069 Equidem
796 972 914 1046 vereri
950 973 1046 1046 soleo
1079 999 1125 1046 ne

130 1117 283 1189 Latinas
305 1117 478 1208 amisisse,
498 1115 641 1191 Graecas
658 1116 822 1189 nondum
840 1116 1007 1190 didicisse
1027 1116 1124 1191 vide·

129 1287 247 1333 amur.

181 1405 225 1477 In
243 1417 322 1478 toto
340 1431 446 1502 opere
465 1405 652 1478 condendo
669 1406 763 1478 hanc
779 1405 897 1504 legem
911 1405 1126 1480 servandam

129 1550 233 1643 duxi,
253 1562 296 1623 ut
312 1549 406 1621 nihil
428 1549 660 1623 admitterem
683 1549 782 1647 quod
804 1576 878 1622 non
895 1550 942 1622 ad
959 1561 1126 1624 veterum

129 1709 322 1795 poetarum
357 1722 523 1770 normam
549 1709 720 1770 exactum
749 1699 853 1789 foret,
889 1709 925 1771 et
951 1723 1030 1771 eam
1053 1709 1125 1771 tra-

130 1854 248 1916 ctaret
273 1844 465 1916 materiam
490 1868 572 1940 quae
597 1843 744 1920 illorum
771 1845 867 1944 stylo
889 1845 976 1918 satis
1000 1869 1126 1917 eonve-

129 1989 236 2060 niret.
284 1988 406 2086 Igitur
415 1988 581 2087 hymnos,
593 2013 684 2085 quos
703 1999 844 2081 vocant,
857 1989 1125 2081 ecclesiasticos,

63 2186 66 2231 ¹
131 2132 392 2204 monachorum
426 2132 629 2230 rhythmos⁷
652 2143 689 2205 et
710 2143 841 2205 caetera
865 2133 1127 2231 ejusdemmodi

131 2276 359 2350 excludenda
385 2277 509 2349 censui
530 2305 538 2347 :
564 2277 881 2374 persuasissimum
898 2279 994 2351 euim
1011 2278 1126 2352 habeo

131 2445 213 2517 quae
240 2421 279 2492 in
295 2420 375 2503 ‚tali
402 2444 533 2517 genere
563 2421 672 2494 scribi
700 2420 826 2512 solent,
854 2422 1015 2494 numeris
1042 2447 1126 2494 vere

64 2506 67 2716 ἱ
132 2565 266 2640 Graecis
280 2578 316 2639 et
335 2566 477 2639 Latinis
495 2566 642 2638 minime
660 2567 923 2641 accommodari
939 2594 1053 2665 posse.

182 2711 288 2803 Quod
307 2713 392 2809 'ipse
417 2739 533 2810 pauca
563 2725 710 2786 tantum
735 2712 780 2786 de
808 2740 885 2786 meo
911 2715 1031 2806 attuli,
1058 2713 1126 2788 hoc

131 2860 313 2956 praecipue
334 2860 372 2929 in
399 2884 526 2931 caussa
542 2859 623 2951 fuit,
643 2858 742 2956 quod
767 2885 848 2956 quae
871 2860 958 2932 olim
982 2863 1128 2933 nonnisi

67 3102 69 3115 Ι
135 3005 222 3104 styli
260 3003 415 3077 acuendi
448 3004 567 3102 gratia
595 3005 756 3095 luserim,
800 3005 972 3103 pleraque
1006 3007 1127 3078 omnia

67 3134 70 3231 i
131 3151 190 3223 vel
209 3176 296 3222 casu
312 3150 372 3222 vel
397 3162 558 3248 ternpore
582 3150 818 3225 intercidere:
845 3178 911 3224 nec
937 3152 1008 3225 alia
1032 3178 1127 3226 nova

68 3333 70 3403 ὲ
131 3297 170 3367 in
188 3321 313 3369 eorum
331 3296 452 3369 locum
471 3298 691 3371 substituere
713 3299 752 3370 in
776 3299 897 3370 animo
922 3299 1013 3371 fuit:
1041 3324 1127 3370 nam

68 3436 70 3445 ⁴
133 3447 154 3482 “
166 3440 370 3532 Carmina,'’
390 3455 433 3514 ut
451 3442 504 3514 ait
519 3439 683 3535 Ovidius,
708 3449 918 3517 “secessum
938 3444 1127 3516 scribentis

132 3598 168 3660 et
186 3588 262 3660 otia
279 3589 484 3684 quaerunt.''

68 3788 71 3881 j
183 3731 291 3804 Paene
328 3732 626 3831 indignabundus
661 3734 795 3826 audivi,
831 3734 994 3808 libellum
1030 3733 1128 3808 hunc

68 3893 70 3933 ³
134 3890 302 3950 nostrum
328 3905 369 3950 eo
395 3880 544 3952 consilio
562 3881 746 3953 nonnullis
771 3882 983 3954 institutum
1001 3881 1127 3970 videri,

72 4122 280 4129 --——.-—---
295 4124 316 4130 .-
324 4124 526 4131 -.u-“n—ffl-»a-
535 4124 774 4132 -ῌ
782 4126 847 4132 .-..
