2468 4500
315 380 559 432 ANTHOLOGIA
584 382 809 433 OXONIENSIS·
1041 386 1076 435 55

155 809 245 881 latur
261 821 464 881 nummatum
478 814 596 883 atterat
611 811 773 899 Quaado,
788 813 979 902 venusque.

117 1007 235 1087 Farrx,
253 1009 316 1087 oui,
332 1009 456 1074 modica
471 1034 534 1075 non
550 1011 716 1075 deficiente
732 1034 891 1089 crumena,

118 1139 266 1205 Tinnulus
282 1153 434 1228 argenteo
450 1143 639 1228 splendescit
654 1128 773 1208 lumine
788 1143 953 1208 nummus!

117 1269 225 1337 Ostrea
239 1296 305 1337 non
320 1274 438 1338 frustra
452 1285 576 1360 gratam
592 1275 715 1340 venalia
730 1298 850 1339 coenam

116 1401 144 1464 N
145 1402 250 1467 unciat
266 1403 425 1489 impranso
440 1428 554 1470 raucus
569 1430 626 1492 per
640 1406 778 1492 compita
792 1430 893 1492 praeoo
905 1430 914 1483 3

114 1535 143 1599 N
143 1559 177 1601 ec
191 1538 292 1622 gemit
308 1549 442 1624 optatoS,
459 1563 517 1604 ceu
535 1541 689 1605 Tantalus
704 1541 794 1617 alter,
810 1540 850 1604 ad
865 1540 1006 1618 haustus,

115 1670 219 1736 Masta
234 1672 351 1757 quibus
367 1673 463 1738 siccas
478 1685 621 1738 recreant
639 1673 783 1740 Cerealia
797 1673 922 1738 fauces:

113 1801 211 1866 Nocte
226 1802 282 1866 sed
297 1803 439 1881 obscura,
455 1805 566 1891 lepidis
581 1805 716 1892 stipatus
731 1806 848 1883 amicis,

114 1932 235 2018 Hospes
250 1933 317 1998 adit
332 1935 488 2000 celebrem
502 1937 614 2023 pingui
630 1937 738 2002 nidore
754 1938 922 2023 popinam3

114 2064 182 2146 Qua
197 2076 296 2143 satur,
314 2078 347 2131 et
362 2067 466 2132 teneri
481 2068 600 2133 ducens
615 2068 756 2134 fomenta
771 2069 892 2147 caloris,

112 2201 211 2267 Dulce
221 2226 348 2280 *memor
362 2205 467 2290 prodit
482 2228 607 2282 nomen,
625 2214 645 2243 “
655 2205 735 2270 bene
752 2205 930 2292 Phyllida,''
945 2208 1059 2272 dicens.

113 2470 231 2547 Herba,
248 2482 491 2556 perangustum
506 2472 593 2535 fumo
609 2471 748 2556 spirante
764 2473 922 2550 canalem3

112 2600 243 2666 Excutit
258 2602 374 2666 effusos
388 2601 496 2666 hilaris
511 2601 588 2664 dum
603 2602 711 2667 fabula
725 2603 815 2680 risus,

112 2732 216 2798 Lusus
232 2744 265 2797 et
281 2733 430 2818 ambiguo
445 2743 575 2818 captans
585 2735 741 2818 jocularia
756 2737 860 2800 verbo.

113 2866 182 2953 lpse
196 2889 267 2953 eg0‚
284 2866 341 2951 qui
355 2877 452 2931 ourtae
467 2867 570 2953 patior
579 2868 702 2953 jejunia
716 2893 840 2947 mensae,

113 3001 280 3086 Relliquiis
294 3023 405 3087 pascor
419 3000 550 3077 miseris,
567 3011 600 3065 et
614 3001 730 3065 vilibus
746 3003 823 3080 offis,

115 3135 212 3200 Arida
227 3135 283 3199 vix
298 3134 387 3198 acida
402 3133 540 3220 tingenti
554 3145 688 3220 guttura
703 3159 813 3221 vappa

115 3269 203 3334 Tunc
219 3292 316 3354 vagor
331 3269 364 3331 in
379 3267 492 3353 plateis
508 3266 610 3344 solus‘3
635 3268 772 3333 scalasve
787 3293 844 3354 per
858 3271 937 3335 altas

116 3401 312 3468 Culminibus
327 3412 473 3486 repetens
488 3400 591 3464 vicina
606 3401 722 3465 cubilia
738 3403 876 3480 summio,

115 3533 262 3620 Frigidus
277 3534 386 3598 afflatu
401 3533 517 3619 digitos
533 3534 674 3598 consolor
689 3534 805 3600 inertes
818 3560 826 3612 ;
866 3593 870 3599 .

117 3666 183 3731 Aut
197 3667 320 3744 tubulo,
337 3668 437 3732 veteri
452 3667 542 3754 nigro
558 3668 700 3754 fuligine,
717 3668 821 3733 fumos

119 3798 179 3866 Ore
194 3803 286 3866 traho
302 3813 391 3867 tetrae
407 3827 486 3888 quos
501 3802 618 3867 halitus
634 3803 753 3869 evomit
769 3804 882 3868 herbae.

70 4068 156 4083 N—
