2468 4500
476 310 528 358 Al)
551 309 752 360 LECTOREM.

111 586 375 660 incumbamus.
429 587 619 662 Clamatur
649 587 795 679 scilicet,
823 586 870 659 ad
899 611 956 659 res
981 586 1105 683 potius
1166 682 1168 729 Ι

112 758 222 828 quam
242 732 289 805 ad
312 732 423 806 verba
440 746 476 808 et
495 733 581 834 styli
609 733 788 806 rationem
814 758 890 805 esse
915 731 1103 804 attenden-
1165 734 1168 829 j

112 877 210 950 dum.
282 879 617 953 Demonstrandurn
661 893 784 954 autem
828 892 916 970 erat,
952 904 1104 976 magnos
1165 846 1168 1021 Ι

112 1023 193 1096 illos
220 1026 318 1097 viros
346 1027 410 1122 qui
437 1024 513 1098 haec
543 1038 648 1099 tanto
679 1025 801 1099 studio
831 1025 1033 1114 coluerunt,
1065 1024 1103 1095 in
1165 1024 1167 1079 ἶ

112 1193 235 1240 rerum
253 1170 458 1266 cognitione
475 1169 579 1241 nobis
597 1169 784 1241 inferiores
802 1169 985 1241 extitisse:
1005 1166 1104 1263 quod
1164 1119 1167 1258 l

112 1315 140 1386 si
160 1315 265 1411 plane
291 1327 418 1388 contra
435 1316 546 1388 fuisse
564 1316 754 1407 constabit,
774 1341 885 1412 quam
901 1315 1047 1386 infirmo
1064 1313 1103 1384 hi

113 1461 181 1533 sibi
199 1461 365 1558 placeant
382 1475 598 1560 argumento
617 1462 705 1535 satis
722 1460 921 1558 apparebit.

162 1603 405 1695 Quamobrem
418 1603 503 1677 huic
516 1605 607 1679 vitio
621 1630 687 1702 pro
700 1602 797 1676 virili
816 1601 1102 1675 succurrendum

112 1761 224 1839 ratuS,
244 1748 470 1847 spicilegium
488 1775 507 1821 e
524 1760 734 1820 nostrorum
758 1746 980 1820 carminibus
997 1745 1103 1818 edere
1188 1844 1191 1853 Ι

111 1889 264 1981 decrevi,
283 1903 325 1963 ut
343 1891 498 1962 aliorum
516 1891 691 1987 exemplis
709 1891 884 1988 instigati,
907 1889 1038 1988 reliqui
1055 1890 1102 1962 ad
1164 1984 1166 1996 1

110 2035 414 2133 elegantissimam
434 2036 528 2107 hanc
553 2035 782 2133 disciplinam
802 2035 1041 2108 exercendam
1066 2048 1103 2110 et
1164 2022 1167 2137 l

111 2207 186 2254 sese
216 2191 414 2253 commotos
441 2181 627 2253 sentirent.
681 2180 783 2254 lnter
808 2207 850 2253 ea
863 2192 995 2265 ,autern
1021 2207 1102 2278 quae

111 2324 170 2397 hic
187 2325 325 2421 publici
336 2325 433 2422 juris
450 2326 529 2414 feci,
548 2324 647 2398 haud
664 2350 790 2422 pauca,
816 2339 858 2398 ut
880 2350 993 2422 spero,
1014 2328 1101 2399 satis

110 2469 273 2560 feliciter,
317 2469 493 2542 nonnulla
527 2469 730 2543 felicissime
772 2481 930 2543 tractata
963 2472 1100 2544 inveni-

111 2623 241 2685 entur:
273 2613 440 2710 quaedam
463 2615 493 2686 si
518 2640 620 2687 secus
651 2628 769 2706 erunt,
798 2613 930 2687 horum
956 2617 1100 2688 veniam

111 2756 213 2829 dabit
230 2756 362 2830 Lector
378 2759 672 2832 humanissimus.

161 2901 267 2993 Quod
284 2903 391 3001 longe
408 2902 664 3000 pluraLatino
678 2929 787 3001 quam
802 2902 926 2978 Graeco
938 2929 1101 2976 sermone

112 3047 247 3143 scripta
267 3013 374 3137 edidi,
399 3046 499 3119 haud
514 3048 596 3119 scio
622 3073 669 3119 an
691 3045 781 3118 mihi
809 3072 883 3118 non
912 3048 1100 3144 ingratum

111 3192 293 3266 acciderit.
347 3191 464 3265 Video
482 3195 579 3266 enim
595 3195 790 3268 nonnullos
807 3194 913 3268 hodie
924 3196 976 3269 ita
988 3196 1099 3292 loqui,

111 3339 214 3435 quasi
230 3338 373 3412 litteras
391 3337 541 3412 Latinas
567 3361 641 3437 prae
665 3340 798 3416 Graecis
817 3341 970 3433 sordere,
989 3343 1101 3414 immo

111 3482 300 3580 diligentia
311 3509 377 3556 sua
387 3485 452 3555 vix
465 3484 593 3583 dignas
605 3512 680 3559 esse
693 3498 835 3583 putent.
873 3486 961 3577 Quae
979 3487 1100 3584 opinio
1163 3466 1165 3585 l

1163 3590 1166 3656 ι

1164 3666 1166 3761 l

110 3625 217 3724 longe
235 3638 289 3700 est
312 3628 526 3719 falsissima3
544 3641 696 3702 nectam
708 3630 886 3723 limatum,
899 3644 943 3705 ut
960 3633 1098 3730 opinor,

109 3767 290 3862 judicium
315 3797 425 3867 quam
450 3773 561 3844 animi
587 3774 773 3871 pigritiam
800 3777 904 3872 sapit.
960 3777 1100 3874 Quippe

60 4007 196 4018 Ν
