2468 4500
336 415 576 467 ANTHOLOGIA
601 416 831 468 OXONIENSIS.

524 1114 666 1201 filetus.

142 1313 191 1377 Ar
206 1315 266 1379 tibi
280 1315 470 1400 languentes
485 1338 598 1378 manus
612 1326 722 1380 extera
736 1314 850 1380 clausit
865 1317 990 1395 ocellos,

179 1447 302 1512 Extera
316 1448 493 1533 composuit
507 1449 648 1513 membra
663 1449 776 1514 decora
790 1472 912 1527 manus,

141 1579 272 1646 Addidit
286 1582 397 1668 ignoto
413 1582 535 1646 cultum
551 1606 664 1647 manus
680 1595 790 1649 extera
806 1583 911 1662 busto,

180 1715 316 1780 Externi
331 1715 448 1793 luctus
466 1727 596 1781 exterus
612 1717 703 1781 auxit
719 1738 815 1781 amor.

141 1850 224 1933 Quid
239 1852 265 1915 si
281 1852 395 1937 pullati
410 1875 468 1937 pro
483 1863 516 1917 te
532 1876 597 1917 non
612 1863 720 1918 cernet
735 1852 827 1917 amici

180 1983 272 2049 Hora
286 1984 399 2049 breves
413 1985 577 2070 lacrymas,
594 2008 696 2049 annus
710 1985 804 2050 inane
819 1985 938 2051 decus?

141 2115 225 2199 Quid
240 2117 267 2181 si
282 2141 347 2181 non
362 2118 491 2182 videant
506 2118 646 2182 simulati
660 2119 797 2205 insignia
810 2118 916 2184 luctus

180 2252 307 2318 Urbani
322 2254 420 2329 lusus,
437 2253 662 2339 noctivagique
677 2254 788 2319 chori?

140 2387 224 2471 Quid
239 2389 314 2454 licet
329 2389 530 2474 illacrymans
545 2400 603 2453 tua
616 2413 681 2454 non
696 2399 786 2454 notet
801 2412 871 2454 ossa
887 2388 1023 2475 Cupido,

180 2524 313 2589 Mortua
327 2547 386 2589 nec
400 2524 497 2588 fallax
513 2524 668 2609 exprimat
683 2547 738 2588 cra
752 2523 856 2608 lapis?

142 2655 175 2722 Si
188 2681 254 2722 non
269 2657 405 2722 sufficiat
420 2658 515 2722 tellus
531 2668 651 2722 sacrata
667 2658 857 2742 sepulcrum,

181 2790 253 2856 Nec
268 2791 372 2877 capiat
387 2779 522 2857 flentdm
537 2816 701 2857 murmura
715 2802 823 2856 sancta
838 2791 940 2856 cinis?

139 2924 184 2990 At
198 2927 343 2991 tumulus
358 2927 460 2991 multo
475 2926 641 2992 decoratus
655 2926 732 2992 flore
748 2927 873 3004 virebit,

181 3059 386 3146 Urgebitque
401 3060 464 3124 levi
479 3060 618 3146 pondere
633 3071 719 3125 terra
733 3060 857 3125 sinum:

142 3189 297 3279 Asperget
312 3192 467 3278 lacrymas
482 3216 615 3258 nascens
630 3191 759 3258 Aurora
772 3193 919 3268 nitentes,

181 3324 368 3410 Primasque
383 3327 498 3391 educet
513 3349 569 3391 ver
583 3327 705 3413 geniale
721 3350 823 3404 rusas3

141 3457 184 3523 Et
197 3459 266 3524 loca
280 3458 433 3524 velabunt
448 3459 525 3524 Divi
541 3459 749 3524 candentibus
764 3459 821 3524 alis

61 3672 63 3679 Ι
182 3592 337 3679 Exequiis
352 3593 481 3658 tandem
495 3593 653 3680 relligiosa
668 3594 741 3658 tuis.
