2468 4500
346 406 587 459 ANTHOLOGIA
613 406 841 459 OXONIENSIS.
1079 409 1112 461 19

66 559 202 566 ᾖ

64 768 67 841 ἦ
142 726 253 793 Doneo
277 738 310 793 et
332 750 527 814 exsanguem
549 739 644 793 teneo
666 729 870 815 gelidamque
892 741 1061 816 superstes,

64 844 67 857 ¹
184 861 330 927 Alterius
345 885 410 926 non
425 885 469 940 es,
485 863 553 928 visa
568 864 624 928 sed
639 886 706 928 esse
721 886 809 929 mea:

144 995 216 1062 Jam
238 1008 346 1062 tamen
369 1000 503 1062 obscuro
525 996 604 1060 mihi
626 997 770 1062 conderis
793 998 885 1064 eree!
908 1000 1074 1086 sepulcr03

185 1132 279 1200 Solus
294 1144 327 1199 et
341 1133 375 1198 in
391 1156 492 1199 vaoua
507 1155 593 1197 nuno
609 1156 725 1218 queror
740 1133 807 1220 ipse
823 1134 927 1200 domo.

148 1400 222 1484 Quae
237 1402 307 1467 looa
321 1425 448 1487 ounque
463 1414 563 1480 tenes,
580 1401 666 1466 felici
682 1402 715 1465 in
731 1401 804 1466 sede
819 1402 944 1488 piorum

147 1665 289 1733 Forsitan
304 1678 338 1732 et
352 1690 525 1732 memorem
540 1678 597 1732 tua
611 1690 663 1732 me
679 1667 799 1732 soletur
814 1667 929 1755 imago,

184 1800 357 1886 Mersaque
372 1812 526 1887 perpetuo
542 1801 636 1865 eorda
651 1801 759 1866 dolore
770 1802 882 1887 juvet:

67 1276 70 1387 l

68 1390 70 1453 l

185 1535 260 1599 Non
276 1546 383 1600 tamen
398 1535 530 1600 oblitam
546 1545 579 1599 te
594 1555 665 1599 reor
680 1556 747 1598 esse
763 1534 825 1598 mei
838 1558 846 1610 3

148 1931 227 1998 Talis
242 1945 276 1998 at
291 1934 422 1999 emiouit
437 1934 557 1999 oiroum
572 1933 630 1998 lux
646 1956 742 1999 aurea
755 1933 881 2012 frontis,

69 2110 71 2191 ἰ
184 2069 228 2135 Et
244 2070 333 2155 prius
348 2069 432 2134 haud
448 2070 510 2135 alio
525 2069 612 2135 visus
627 2069 662 2133 in
677 2092 732 2134 ore
747 2069 843 2148 nitor,

148 2200 260 2269 Vivida
281 2227 371 2269 mens
395 2204 523 2290 qualem
545 2204 704 2290 potuisset
726 2204 847 2291 fingere
870 2228 1048 2290 nunquam,

68 2402 71 2445 ἰ,
185 2339 331 2405 Reddere
346 2339 505 2405 sublatam
520 2360 579 2403 neo
592 2337 746 2403 meditata
761 2349 876 2424 potest.

1024 2449 1049 2489 a.

573 2969 621 3014 IX.

530 3113 663 3184 latras.

207 3314 294 3379 DUM
308 3314 369 3380 tibi
384 3314 439 3380 vix
454 3324 530 3379 nato
545 3314 610 3380 laeti
625 3314 722 3379 risere
737 3324 884 3400 parentes

250 3448 375 3535 Vagitu
390 3448 542 3535 implebas
556 3458 595 3513 tu
609 3448 823 3535 lacrymisque
838 3447 984 3513 domum:

210 3580 262 3650 Sio
276 3583 376 3660 vivae,
393 3593 430 3648 ut
446 3606 570 3647 summa
584 3580 644 3647 tibi
660 3604 734 3646 oum
749 3581 873 3648 venerit
887 3582 974 3658 hora,

251 3716 302 3784 Sit
317 3717 419 3782 ridere
434 3728 537 3795 tuum,
554 3716 596 3782 sit
610 3717 785 3803 lacrymare
800 3715 874 3781 tuis.

1019 3824 1046 3864 a.
