2468 4500
200 314 203 320 ’
317 332 556 384 surnonocm
582 332 817 385 oxomensis

509 626 669 672 XXXVIII.
752 627 760 650 ⁸

512 741 661 811 acutus.

218 918 386 995 PHOEBUS,
403 929 441 983 ut
456 918 552 1004 prisci
566 930 743 984 memorant
758 931 870 1005 poetae,

221 1030 321 1114 Siqua
334 1055 392 1117 per
407 1032 530 1118 sylvam
544 1032 715 1117 placuisset
730 1035 833 1110 arbos,

220 1141 359 1207 Nectere
375 1152 502 1206 auratos
517 1141 629 1206 solitus
645 1143 773 1228 capillos

438 1252 568 1319 Fronde
583 1254 714 1318 decora:

218 1361 331 1426 Donec
345 1362 497 1426 audacem
511 1362 638 1448 fugiens
653 1386 792 1429 amorem

221 1471 374 1539 Constitit
390 1473 538 1560 Daphne,
556 1485 589 1539 et
604 1475 750 1560 precibus
765 1475 868 1561 petita

222 1583 327 1670 Stirpe
342 1585 535 1661 decrescens,
552 1608 635 1650 nova
648 1586 757 1650 laurus
772 1585 862 1650 almis

442 1695 484 1761 Se
499 1695 588 1760 dedit
604 1696 732 1761 umbris.

220 1915 373 1982 Conscius
389 1918 490 2003 culpae
504 1918 721 2002 miseransque
737 1919 863 2004 Raptor

220 2025 326 2112 Coepit
341 2052 382 2093 ex
396 2028 452 2091 illo
467 2028 613 2093 redimire
629 2028 696 2093 dios

218 2137 347 2203 Laurea
362 2139 473 2216 crines,
490 2161 596 2222 neque
613 2138 758 2203 viliorem

439 2248 712 2335 Ferrecoronam.

220 2357 300 2423 Inde
316 2383 374 2444 per
388 2369 521 2424 cunctos
536 2359 590 2444 pia
604 2362 701 2424 turba
716 2370 829 2424 vatum

219 2470 347 2536 Laurea
360 2471 500 2535 frontem
515 2471 663 2558 religavit
678 2494 797 2546 annos3

219 2578 299 2645 Inde
315 2580 376 2644 Dis
390 2604 506 2668 pugnae
522 2603 609 2645 sacra
622 2582 784 2646 laureatus

442 2692 573 2758 Solvere
589 2693 701 2758 victor.

222 2916 275 2982 Sic
290 2919 329 2982 ab
345 2918 466 2998 arcanis
481 2929 629 2982 veterum
644 2917 784 2983 tenebris

219 3028 320 3093 Fama
335 3029 465 3094 virtutis
480 3030 657 3115 repetenda,
668 3040 771 3106 castae,

220 3140 378 3227 Turpium
393 3142 540 3206 audentis
555 3141 673 3207 vetitos
687 3141 843 3207 honorum
932 3225 935 3229 .

442 3252 597 3337 Spernere
613 3252 727 3317 calles:

221 3360 312 3443 Quae,
329 3361 389 3425 nisi
399 3362 507 3446 juncti
523 3372 636 3427 coeant
652 3384 783 3438 amores,

219 3472 314 3536 Dona
328 3473 513 3550 contemnit,
529 3496 634 3556 neque
650 3472 741 3538 cedet
757 3471 850 3536 armis
863 3499 870 3548 ;

220 3581 401 3647 Provocans
416 3582 521 3659 morti,
539 3582 599 3646 nisi
614 3583 683 3646 laus
698 3581 835 3667 supersit

440 3694 573 3781 Integra
588 3694 670 3759 vitae.
