<?xml version="1.0" encoding="UTF-8"?>
<!DOCTYPE html PUBLIC "-//W3C//DTD XHTML 1.0 Transitional//EN"
    "http://www.w3.org/TR/xhtml1/DTD/xhtml1-transitional.dtd">
<html xmlns="http://www.w3.org/1999/xhtml" xml:lang="en" lang="en">
 <head>
  <title>
</title>
<meta http-equiv="Content-Type" content="text/html;charset=utf-8" />
  <meta name='ocr-system' content='tesseract 3.04.00' />
  <meta name='ocr-capabilities' content='ocr_page ocr_carea ocr_par ocr_line ocrx_word'/>
</head>
<body>
  <div class='ocr_page' id='page_1' title='image "anthologiaoxoni01linwgoog_0046.png"; bbox 0 0 2468 4500; ppageno 0'>
   <div class='ocr_carea' id='block_1_1' title="bbox 309 409 1068 463">
    <p class='ocr_par' dir='ltr' id='par_1_1' title="bbox 309 409 1068 463">
     <span class='ocr_line' id='line_1_1' title="bbox 309 409 1068 463; baseline 0.003 -2"><span class='ocrx_word' id='word_1_1' title='bbox 309 410 548 462; x_wconf 82' lang='lat' dir='ltr'><strong>ANTHOLOGIA</strong></span> <span class='ocrx_word' id='word_1_2' title='bbox 574 409 799 461; x_wconf 80' lang='lat' dir='ltr'>OXONIENSIS.</span> <span class='ocrx_word' id='word_1_3' title='bbox 1038 413 1068 463; x_wconf 81' lang='lat'>15</span> 
     </span>
    </p>
   </div>
   <div class='ocr_carea' id='block_1_2' title="bbox 444 729 683 931">
    <p class='ocr_par' dir='ltr' id='par_1_2' title="bbox 444 729 683 931">
     <span class='ocr_line' id='line_1_2' title="bbox 520 729 588 803; baseline 0.015 -31"><span class='ocrx_word' id='word_1_4' title='bbox 520 729 588 803; x_wconf 26' lang='lat' dir='ltr'>&#39;VlL</span> 
     </span>
     <span class='ocr_line' id='line_1_3' title="bbox 444 855 683 931; baseline -0.017 -2"><span class='ocrx_word' id='word_1_5' title='bbox 444 856 517 929; x_wconf 67' lang='lat' dir='ltr'>vis</span> <span class='ocrx_word' id='word_1_6' title='bbox 540 855 683 931; x_wconf 56' lang='lat' dir='ltr'>fluctis</span> 
     </span>
    </p>
   </div>
   <div class='ocr_carea' id='block_1_3' title="bbox 111 1013 930 1876">
    <p class='ocr_par' dir='ltr' id='par_1_3' title="bbox 111 1013 930 1876">
     <span class='ocr_line' id='line_1_4' title="bbox 113 1013 930 1100; baseline 0.005 -22"><span class='ocrx_word' id='word_1_7' title='bbox 113 1013 290 1093; x_wconf 74' lang='lat' dir='ltr'>Fonnosn,</span> <span class='ocrx_word' id='word_1_8' title='bbox 307 1025 340 1080; x_wconf 89' lang='lat' dir='ltr'>et</span> <span class='ocrx_word' id='word_1_9' title='bbox 355 1015 497 1100; x_wconf 86' lang='lat' dir='ltr'>simplex,</span> <span class='ocrx_word' id='word_1_10' title='bbox 514 1026 547 1081; x_wconf 90' lang='lat' dir='ltr'>et</span> <span class='ocrx_word' id='word_1_11' title='bbox 562 1016 666 1081; x_wconf 84' lang='lat' dir='ltr'>nescia</span> <span class='ocrx_word' id='word_1_12' title='bbox 680 1015 800 1080; x_wconf 81' lang='lat' dir='ltr'>fraudis</span> <span class='ocrx_word' id='word_1_13' title='bbox 816 1016 930 1082; x_wconf 79' lang='lat' dir='ltr'>Ianthe</span> 
     </span>
     <span class='ocr_line' id='line_1_5' title="bbox 151 1124 734 1193; baseline 0.003 -4"><span class='ocrx_word' id='word_1_14' title='bbox 151 1125 271 1190; x_wconf 81' lang='lat' dir='ltr'>Militia</span> <span class='ocrx_word' id='word_1_15' title='bbox 285 1125 348 1190; x_wconf 91' lang='lat' dir='ltr'>tiro</span> <span class='ocrx_word' id='word_1_16' title='bbox 365 1124 495 1189; x_wconf 82' lang='lat' dir='ltr'>Marcus</span> <span class='ocrx_word' id='word_1_17' title='bbox 512 1125 641 1191; x_wconf 87' lang='lat' dir='ltr'>Amoris</span> <span class='ocrx_word' id='word_1_18' title='bbox 656 1137 734 1193; x_wconf 84' lang='lat' dir='ltr'>erat.</span> 
     </span>
     <span class='ocr_line' id='line_1_6' title="bbox 111 1234 884 1323; baseline 0.003 -23"><span class='ocrx_word' id='word_1_19' title='bbox 111 1234 241 1301; x_wconf 82' lang='lat' dir='ltr'>Pectore</span> <span class='ocrx_word' id='word_1_20' title='bbox 257 1260 321 1302; x_wconf 92' lang='lat' dir='ltr'>non</span> <span class='ocrx_word' id='word_1_21' title='bbox 336 1236 406 1302; x_wconf 92' lang='lat' dir='ltr'>illos</span> <span class='ocrx_word' id='word_1_22' title='bbox 420 1237 551 1323; x_wconf 82' lang='lat' dir='ltr'>placido,</span> <span class='ocrx_word' id='word_1_23' title='bbox 568 1239 717 1304; x_wconf 88' lang='lat' dir='ltr'>morbove</span> <span class='ocrx_word' id='word_1_24' title='bbox 733 1253 884 1315; x_wconf 80' lang='lat' dir='ltr'>carentes,</span> 
     </span>
     <span class='ocr_line' id='line_1_7' title="bbox 153 1348 837 1435; baseline 0.001 -20"><span class='ocrx_word' id='word_1_25' title='bbox 153 1348 345 1415; x_wconf 85' lang='lat' dir='ltr'>Communes</span> <span class='ocrx_word' id='word_1_26' title='bbox 360 1361 505 1435; x_wconf 84' lang='lat' dir='ltr'>poterant</span> <span class='ocrx_word' id='word_1_27' title='bbox 520 1351 711 1416; x_wconf 83' lang='lat' dir='ltr'>continuisse</span> <span class='ocrx_word' id='word_1_28' title='bbox 727 1351 837 1417; x_wconf 79' lang='lat' dir='ltr'>Lares.</span> 
     </span>
     <span class='ocr_line' id='line_1_8' title="bbox 113 1457 734 1526; baseline 0 -1"><span class='ocrx_word' id='word_1_29' title='bbox 113 1457 284 1526; x_wconf 81' lang='lat' dir='ltr'>Coencbont</span> <span class='ocrx_word' id='word_1_30' title='bbox 299 1483 382 1524; x_wconf 82' lang='lat' dir='ltr'>unc:</span> <span class='ocrx_word' id='word_1_31' title='bbox 407 1460 490 1524; x_wconf 85' lang='lat' dir='ltr'>socia</span> <span class='ocrx_word' id='word_1_32' title='bbox 504 1460 615 1526; x_wconf 81' lang='lat' dir='ltr'>solatis</span> <span class='ocrx_word' id='word_1_33' title='bbox 625 1485 734 1526; x_wconf 82' lang='lat' dir='ltr'>mensa</span> 
     </span>
     <span class='ocr_line' id='line_1_9' title="bbox 152 1569 838 1655; baseline 0 -20"><span class='ocrx_word' id='word_1_34' title='bbox 152 1569 327 1635; x_wconf 88' lang='lat' dir='ltr'>Consessus</span> <span class='ocrx_word' id='word_1_35' title='bbox 341 1569 462 1634; x_wconf 90' lang='lat' dir='ltr'>miseris</span> <span class='ocrx_word' id='word_1_36' title='bbox 476 1581 513 1634; x_wconf 89' lang='lat' dir='ltr'>ut</span> <span class='ocrx_word' id='word_1_37' title='bbox 529 1570 621 1634; x_wconf 90' lang='lat' dir='ltr'>nimis</span> <span class='ocrx_word' id='word_1_38' title='bbox 636 1582 711 1655; x_wconf 83' lang='lat' dir='ltr'>apta</span> <span class='ocrx_word' id='word_1_39' title='bbox 724 1570 838 1635; x_wconf 81' lang='lat' dir='ltr'>dabat!</span> 
     </span>
     <span class='ocr_line' id='line_1_10' title="bbox 112 1679 872 1757; baseline 0 -13"><span class='ocrx_word' id='word_1_40' title='bbox 112 1679 226 1744; x_wconf 90' lang='lat' dir='ltr'>Mutua</span> <span class='ocrx_word' id='word_1_41' title='bbox 240 1691 411 1745; x_wconf 89' lang='lat' dir='ltr'>nocturnos</span> <span class='ocrx_word' id='word_1_42' title='bbox 425 1681 619 1746; x_wconf 81' lang='lat' dir='ltr'>renovabant</span> <span class='ocrx_word' id='word_1_43' title='bbox 635 1681 754 1745; x_wconf 85' lang='lat' dir='ltr'>somnia</span> <span class='ocrx_word' id='word_1_44' title='bbox 769 1681 872 1757; x_wconf 87' lang='lat' dir='ltr'>fictus,</span> 
     </span>
     <span class='ocr_line' id='line_1_11' title="bbox 151 1789 728 1876; baseline -0.002 -20"><span class='ocrx_word' id='word_1_45' title='bbox 151 1789 274 1856; x_wconf 88' lang='lat' dir='ltr'>Vicinis</span> <span class='ocrx_word' id='word_1_46' title='bbox 290 1791 415 1874; x_wconf 89' lang='lat' dir='ltr'>quoties</span> <span class='ocrx_word' id='word_1_47' title='bbox 429 1791 626 1876; x_wconf 89' lang='lat' dir='ltr'>procubuere</span> <span class='ocrx_word' id='word_1_48' title='bbox 642 1791 728 1856; x_wconf 92' lang='lat' dir='ltr'>toris.</span> 
     </span>
    </p>
   </div>
   <div class='ocr_carea' id='block_1_4' title="bbox 114 2009 993 2877">
    <p class='ocr_par' dir='ltr' id='par_1_4' title="bbox 114 2009 852 2208">
     <span class='ocr_line' id='line_1_12' title="bbox 114 2009 795 2097; baseline 0.003 -23"><span class='ocrx_word' id='word_1_49' title='bbox 114 2009 207 2077; x_wconf 89' lang='lat' dir='ltr'>Nullo</span> <span class='ocrx_word' id='word_1_50' title='bbox 221 2035 285 2077; x_wconf 93' lang='lat' dir='ltr'>non</span> <span class='ocrx_word' id='word_1_51' title='bbox 299 2011 435 2097; x_wconf 82' lang='lat' dir='ltr'>gliscens</span> <span class='ocrx_word' id='word_1_52' title='bbox 449 2011 569 2076; x_wconf 77' lang='lat' dir='ltr'>animos</span> <span class='ocrx_word' id='word_1_53' title='bbox 585 2011 699 2077; x_wconf 84' lang='lat' dir='ltr'>insedit</span> <span class='ocrx_word' id='word_1_54' title='bbox 716 2012 795 2088; x_wconf 84' lang='grc' dir='ltr'>Εοο,</span> 
     </span>
     <span class='ocr_line' id='line_1_13' title="bbox 152 2122 852 2208; baseline 0 -22"><span class='ocrx_word' id='word_1_55' title='bbox 152 2122 251 2187; x_wconf 91' lang='lat' dir='ltr'>Nullo</span> <span class='ocrx_word' id='word_1_56' title='bbox 266 2145 329 2187; x_wconf 93' lang='lat' dir='ltr'>non</span> <span class='ocrx_word' id='word_1_57' title='bbox 343 2122 479 2208; x_wconf 87' lang='lat' dir='ltr'>gliscens</span> <span class='ocrx_word' id='word_1_58' title='bbox 495 2145 625 2207; x_wconf 91' lang='lat' dir='ltr'>vespere</span> <span class='ocrx_word' id='word_1_59' title='bbox 641 2122 741 2187; x_wconf 87' lang='lat' dir='ltr'>crevit</span> <span class='ocrx_word' id='word_1_60' title='bbox 757 2145 852 2186; x_wconf 71' lang='lat' dir='ltr'>antor.</span> 
     </span>
    </p>

    <p class='ocr_par' dir='ltr' id='par_1_5' title="bbox 115 2231 993 2432">
     <span class='ocr_line' id='line_1_14' title="bbox 115 2231 993 2317; baseline 0 -21"><span class='ocrx_word' id='word_1_61' title='bbox 115 2231 231 2310; x_wconf 87' lang='lat' dir='ltr'>Hortis,</span> <span class='ocrx_word' id='word_1_62' title='bbox 255 2256 339 2310; x_wconf 92' lang='lat' dir='ltr'>rure,</span> <span class='ocrx_word' id='word_1_63' title='bbox 362 2232 466 2309; x_wconf 91' lang='lat' dir='ltr'>domo,</span> <span class='ocrx_word' id='word_1_64' title='bbox 491 2256 683 2317; x_wconf 88' lang='lat' dir='ltr'>quocunque</span> <span class='ocrx_word' id='word_1_65' title='bbox 706 2233 840 2310; x_wconf 81' lang='lat' dir='ltr'>incedut,</span> <span class='ocrx_word' id='word_1_66' title='bbox 863 2232 993 2298; x_wconf 85' lang='lat' dir='ltr'>Ianthes</span> 
     </span>
     <span class='ocr_line' id='line_1_15' title="bbox 152 2346 794 2432; baseline -0.003 -19"><span class='ocrx_word' id='word_1_67' title='bbox 152 2346 218 2413; x_wconf 84' lang='lat' dir='ltr'>Ora</span> <span class='ocrx_word' id='word_1_68' title='bbox 233 2346 320 2411; x_wconf 86' lang='lat' dir='ltr'>videt</span> <span class='ocrx_word' id='word_1_69' title='bbox 335 2347 448 2422; x_wconf 88' lang='lat' dir='ltr'>solum,</span> <span class='ocrx_word' id='word_1_70' title='bbox 465 2347 531 2410; x_wconf 83' lang='lat' dir='ltr'>sola</span> <span class='ocrx_word' id='word_1_71' title='bbox 546 2358 690 2424; x_wconf 84' lang='lat' dir='ltr'>venusta,</span> <span class='ocrx_word' id='word_1_72' title='bbox 706 2371 794 2432; x_wconf 88' lang='lat' dir='ltr'>puer.</span> 
     </span>
    </p>

    <p class='ocr_par' dir='ltr' id='par_1_6' title="bbox 117 2456 930 2654">
     <span class='ocr_line' id='line_1_16' title="bbox 117 2456 923 2543; baseline 0.002 -23"><span class='ocrx_word' id='word_1_73' title='bbox 117 2456 179 2522; x_wconf 82' lang='lat' dir='ltr'>Nec</span> <span class='ocrx_word' id='word_1_74' title='bbox 194 2480 369 2534; x_wconf 88' lang='lat' dir='ltr'>nemorum,</span> <span class='ocrx_word' id='word_1_75' title='bbox 385 2456 510 2520; x_wconf 81' lang='lat' dir='ltr'>assidua</span> <span class='ocrx_word' id='word_1_76' title='bbox 524 2457 615 2542; x_wconf 89' lang='lat' dir='ltr'>pueri</span> <span class='ocrx_word' id='word_1_77' title='bbox 629 2481 693 2543; x_wconf 87' lang='lat' dir='ltr'>prae</span> <span class='ocrx_word' id='word_1_78' title='bbox 708 2481 794 2532; x_wconf 85' lang='lat' dir='ltr'>voce,</span> <span class='ocrx_word' id='word_1_79' title='bbox 811 2457 923 2542; x_wconf 86' lang='lat' dir='ltr'>puellae</span> 
     </span>
     <span class='ocr_line' id='line_1_17' title="bbox 153 2569 930 2654; baseline 0.001 -22"><span class='ocrx_word' id='word_1_80' title='bbox 153 2569 311 2646; x_wconf 85' lang='lat' dir='ltr'>Murmur,</span> <span class='ocrx_word' id='word_1_81' title='bbox 329 2569 369 2633; x_wconf 86' lang='lat' dir='ltr'>ab</span> <span class='ocrx_word' id='word_1_82' title='bbox 384 2569 509 2633; x_wconf 90' lang='lat' dir='ltr'>occulto</span> <span class='ocrx_word' id='word_1_83' title='bbox 524 2591 583 2634; x_wconf 89' lang='lat' dir='ltr'>neo</span> <span class='ocrx_word' id='word_1_84' title='bbox 598 2570 701 2654; x_wconf 86' lang='lat' dir='ltr'>placet</span> <span class='ocrx_word' id='word_1_85' title='bbox 717 2592 808 2635; x_wconf 84' lang='lat' dir='ltr'>amne</span> <span class='ocrx_word' id='word_1_86' title='bbox 824 2569 930 2634; x_wconf 88' lang='lat' dir='ltr'>melos.</span> 
     </span>
    </p>

    <p class='ocr_par' dir='ltr' id='par_1_7' title="bbox 116 2677 891 2877">
     <span class='ocr_line' id='line_1_18' title="bbox 116 2677 891 2766; baseline -0.001 -22"><span class='ocrx_word' id='word_1_87' title='bbox 116 2677 214 2744; x_wconf 92' lang='lat' dir='ltr'>Unius</span> <span class='ocrx_word' id='word_1_88' title='bbox 229 2680 297 2766; x_wconf 84' lang='lat' dir='ltr'>ipsa</span> <span class='ocrx_word' id='word_1_89' title='bbox 311 2680 418 2766; x_wconf 90' lang='lat' dir='ltr'>chelys</span> <span class='ocrx_word' id='word_1_90' title='bbox 432 2704 546 2746; x_wconf 90' lang='lat' dir='ltr'>nomen</span> <span class='ocrx_word' id='word_1_91' title='bbox 562 2681 621 2746; x_wconf 89' lang='lat' dir='ltr'>scit</span> <span class='ocrx_word' id='word_1_92' title='bbox 636 2681 776 2758; x_wconf 86' lang='lat' dir='ltr'>reddere,</span> <span class='ocrx_word' id='word_1_93' title='bbox 793 2682 891 2746; x_wconf 90' lang='lat' dir='ltr'>telam</span> 
     </span>
     <span class='ocr_line' id='line_1_19' title="bbox 154 2790 783 2877; baseline -0.002 -22"><span class='ocrx_word' id='word_1_94' title='bbox 154 2790 258 2875; x_wconf 84' lang='lat' dir='ltr'>Unius</span> <span class='ocrx_word' id='word_1_95' title='bbox 274 2790 424 2856; x_wconf 80' lang='lat' dir='ltr'>infectum</span> <span class='ocrx_word' id='word_1_96' title='bbox 439 2791 565 2855; x_wconf 86' lang='lat' dir='ltr'>nomine</span> <span class='ocrx_word' id='word_1_97' title='bbox 581 2791 685 2877; x_wconf 88' lang='lat' dir='ltr'>perdit</span> <span class='ocrx_word' id='word_1_98' title='bbox 700 2814 783 2856; x_wconf 81' lang='lat' dir='ltr'>acus.</span> 
     </span>
    </p>
   </div>
   <div class='ocr_carea' id='block_1_5' title="bbox 115 2992 955 3199">
    <p class='ocr_par' dir='ltr' id='par_1_8' title="bbox 115 2992 955 3199">
     <span class='ocr_line' id='line_1_20' title="bbox 115 2992 955 3097; baseline 0.002 -22"><span class='ocrx_word' id='word_1_99' title='bbox 115 2992 197 3078; x_wconf 70' lang='lat' dir='ltr'>ilnte</span> <span class='ocrx_word' id='word_1_100' title='bbox 212 3012 312 3077; x_wconf 88' lang='lat' dir='ltr'>oculis</span> <span class='ocrx_word' id='word_1_101' title='bbox 326 3011 484 3076; x_wconf 83' lang='lat' dir='ltr'>dominam</span> <span class='ocrx_word' id='word_1_102' title='bbox 499 3013 621 3077; x_wconf 89' lang='lat' dir='ltr'>dederit</span> <span class='ocrx_word' id='word_1_103' title='bbox 637 3036 733 3097; x_wconf 83' lang='lat' dir='ltr'>quam</span> <span class='ocrx_word' id='word_1_104' title='bbox 743 3015 852 3096; x_wconf 84' lang='lat' dir='ltr'>janna,</span> <span class='ocrx_word' id='word_1_105' title='bbox 868 3025 955 3077; x_wconf 85' lang='lat' dir='ltr'>mota</span> 
     </span>
     <span class='ocr_line' id='line_1_21' title="bbox 154 3122 854 3199; baseline -0.001 -12"><span class='ocrx_word' id='word_1_106' title='bbox 154 3123 213 3189; x_wconf 92' lang='lat' dir='ltr'>llle</span> <span class='ocrx_word' id='word_1_107' title='bbox 229 3147 298 3189; x_wconf 84' lang='lat' dir='ltr'>sera</span> <span class='ocrx_word' id='word_1_108' title='bbox 312 3134 454 3188; x_wconf 85' lang='lat' dir='ltr'>teneram</span> <span class='ocrx_word' id='word_1_109' title='bbox 470 3124 567 3188; x_wconf 91' lang='lat' dir='ltr'>sentit</span> <span class='ocrx_word' id='word_1_110' title='bbox 582 3122 690 3188; x_wconf 80' lang='lat' dir='ltr'>adesse</span> <span class='ocrx_word' id='word_1_111' title='bbox 705 3147 854 3199; x_wconf 86' lang='lat' dir='ltr'>mannm3</span> 
     </span>
    </p>
   </div>
   <div class='ocr_carea' id='block_1_6' title="bbox 115 3232 1010 3759">
    <p class='ocr_par' dir='ltr' id='par_1_9' title="bbox 115 3232 1010 3648">
     <span class='ocr_line' id='line_1_22' title="bbox 115 3232 852 3321; baseline 0.001 -24"><span class='ocrx_word' id='word_1_112' title='bbox 115 3232 156 3298; x_wconf 84' lang='lat' dir='ltr'>Et</span> <span class='ocrx_word' id='word_1_113' title='bbox 170 3257 300 3299; x_wconf 88' lang='lat' dir='ltr'>veneres</span> <span class='ocrx_word' id='word_1_114' title='bbox 315 3245 391 3298; x_wconf 83' lang='lat' dir='ltr'>nota</span> <span class='ocrx_word' id='word_1_115' title='bbox 405 3235 515 3319; x_wconf 89' lang='lat' dir='ltr'>procul</span> <span class='ocrx_word' id='word_1_116' title='bbox 530 3235 688 3321; x_wconf 89' lang='lat' dir='ltr'>excepisse</span> <span class='ocrx_word' id='word_1_117' title='bbox 704 3234 852 3310; x_wconf 86' lang='lat' dir='ltr'>fenestra,</span> 
     </span>
     <span class='ocr_line' id='line_1_23' title="bbox 154 3343 971 3429; baseline -0.001 -21"><span class='ocrx_word' id='word_1_118' title='bbox 154 3344 320 3426; x_wconf 82' lang='lat' dir='ltr'>Quantum</span> <span class='ocrx_word' id='word_1_119' title='bbox 336 3344 449 3427; x_wconf 84' lang='lat' dir='ltr'>cquilae</span> <span class='ocrx_word' id='word_1_120' title='bbox 463 3343 596 3408; x_wconf 87' lang='lat' dir='ltr'>tendant</span> <span class='ocrx_word' id='word_1_121' title='bbox 611 3344 731 3408; x_wconf 79' lang='lat' dir='ltr'>lumino</span> <span class='ocrx_word' id='word_1_122' title='bbox 745 3344 842 3420; x_wconf 88' lang='lat' dir='ltr'>nulla,</span> <span class='ocrx_word' id='word_1_123' title='bbox 858 3354 971 3429; x_wconf 89' lang='lat' dir='ltr'>potest.</span> 
     </span>
     <span class='ocr_line' id='line_1_24' title="bbox 116 3452 1010 3541; baseline -0.001 -24"><span class='ocrx_word' id='word_1_124' title='bbox 116 3452 261 3541; x_wconf 87' lang='lat' dir='ltr'>Vesperis</span> <span class='ocrx_word' id='word_1_125' title='bbox 283 3453 455 3518; x_wconf 79' lang='lat' dir='ltr'>adventum</span> <span class='ocrx_word' id='word_1_126' title='bbox 478 3477 641 3538; x_wconf 84' lang='lat' dir='ltr'>nunquam</span> <span class='ocrx_word' id='word_1_127' title='bbox 663 3477 727 3518; x_wconf 94' lang='lat' dir='ltr'>non</span> <span class='ocrx_word' id='word_1_128' title='bbox 750 3464 864 3529; x_wconf 82' lang='lat' dir='ltr'>servat,</span> <span class='ocrx_word' id='word_1_129' title='bbox 886 3453 1010 3518; x_wconf 86' lang='lat' dir='ltr'>eosdem</span> 
     </span>
     <span class='ocr_line' id='line_1_25' title="bbox 155 3559 875 3648; baseline -0.003 -20"><span class='ocrx_word' id='word_1_130' title='bbox 155 3563 256 3628; x_wconf 85' lang='lat' dir='ltr'>Versa</span> <span class='ocrx_word' id='word_1_131' title='bbox 271 3562 357 3647; x_wconf 92' lang='lat' dir='ltr'>quod</span> <span class='ocrx_word' id='word_1_132' title='bbox 372 3562 411 3625; x_wconf 84' lang='lat' dir='ltr'>od</span> <span class='ocrx_word' id='word_1_133' title='bbox 426 3563 518 3627; x_wconf 87' lang='lat' dir='ltr'>coelos</span> <span class='ocrx_word' id='word_1_134' title='bbox 532 3559 587 3628; x_wconf 74' lang='lat' dir='ltr'>ore</span> <span class='ocrx_word' id='word_1_135' title='bbox 601 3563 756 3648; x_wconf 77' lang='lat' dir='ltr'>precantis</span> <span class='ocrx_word' id='word_1_136' title='bbox 773 3573 875 3627; x_wconf 87' lang='lat' dir='ltr'>erunt.</span> 
     </span>
    </p>

    <p class='ocr_par' dir='ltr' id='par_1_10' title="bbox 116 3671 772 3759">
     <span class='ocr_line' id='line_1_26' title="bbox 116 3671 772 3759; baseline 0.003 -24"><span class='ocrx_word' id='word_1_137' title='bbox 116 3671 157 3737; x_wconf 84' lang='lat' dir='ltr'>Et</span> <span class='ocrx_word' id='word_1_138' title='bbox 170 3672 325 3738; x_wconf 88' lang='lat' dir='ltr'>desiderio</span> <span class='ocrx_word' id='word_1_139' title='bbox 339 3683 447 3736; x_wconf 91' lang='lat' dir='ltr'>noctes</span> <span class='ocrx_word' id='word_1_140' title='bbox 462 3673 537 3737; x_wconf 89' lang='lat' dir='ltr'>terit</span> <span class='ocrx_word' id='word_1_141' title='bbox 553 3697 644 3759; x_wconf 74' lang='lat' dir='ltr'>aeger,</span> <span class='ocrx_word' id='word_1_142' title='bbox 662 3684 772 3737; x_wconf 75' lang='lat' dir='ltr'>amatre</span> 
     </span>
    </p>
   </div>
   <div class='ocr_carea' id='block_1_7' title="bbox 157 3784 982 3935">
    <p class='ocr_par' dir='ltr' id='par_1_11' title="bbox 157 3784 982 3935">
     <span class='ocr_line' id='line_1_27' title="bbox 157 3784 843 3869; baseline -0.003 -21"><span class='ocrx_word' id='word_1_143' title='bbox 157 3784 279 3849; x_wconf 82' lang='lat' dir='ltr'>Audiat</span> <span class='ocrx_word' id='word_1_144' title='bbox 294 3794 332 3848; x_wconf 87' lang='lat' dir='ltr'>ut</span> <span class='ocrx_word' id='word_1_145' title='bbox 346 3794 478 3859; x_wconf 91' lang='lat' dir='ltr'>motum,</span> <span class='ocrx_word' id='word_1_146' title='bbox 495 3785 559 3849; x_wconf 88' lang='lat' dir='ltr'>sole</span> <span class='ocrx_word' id='word_1_147' title='bbox 574 3785 705 3861; x_wconf 87' lang='lat' dir='ltr'>oriente,</span> <span class='ocrx_word' id='word_1_148' title='bbox 722 3784 843 3869; x_wconf 88' lang='lat' dir='ltr'>pedem.</span> 
     </span>
     <span class='ocr_line' id='line_1_28' title="bbox 924 3893 982 3935; baseline 0.017 -2"><span class='ocrx_word' id='word_1_149' title='bbox 924 3893 949 3933; x_wconf 87' lang='lat' dir='ltr'>o.</span> <span class='ocrx_word' id='word_1_150' title='bbox 962 3894 982 3935; x_wconf 76' lang='lat' dir='ltr'>s,</span> 
     </span>
    </p>
   </div>
   <div class='ocr_carea' id='block_1_8' title="bbox 0 0 1243 4500">
    <p class='ocr_par' dir='ltr' id='par_1_12' title="bbox 0 0 1243 4500">
     <span class='ocr_line' id='line_1_29' title="bbox 0 0 1243 4500; baseline 0 0"><span class='ocrx_word' id='word_1_151' title='bbox 0 0 1243 4500; x_wconf 95' lang='lat' dir='ltr'> </span> 
     </span>
    </p>
   </div>
  </div>
 </body>
</html>
