2468 4500
342 421 580 475 ANTHOLOGIA
607 421 832 473 OXONIENSIS.
1069 422 1098 473 ll

568 716 616 762 IV.

206 979 369 1046 Oaaams
383 990 473 1043 tanta
487 979 589 1055 nimie,
604 978 687 1044 hen!
711 978 880 1045 crudeliter
894 992 972 1057 arte,

247 1113 435 1199 Letalisque
448 1114 546 1200 prius,
562 1114 635 1179 tabe
650 1114 767 1200 sagitta
777 1114 891 1180 madca

957 1246 994 1286 w.
1004 1247 1028 1285 a.
1037 1246 1061 1286 r.
1068 1246 1089 1286 a.

483 1687 572 1760 Uita
596 1688 696 1774 taqua.

149 1845 280 1929 Quanls
295 1847 352 1911 ubi
368 1847 526 1913 chudiae
540 1857 648 1933 pastor
663 1846 703 1912 de
718 1848 836 1913 vertice
852 1850 950 1935 rupis,

186 1981 266 2063 Quae
280 1982 374 2067 longe
391 1980 526 2046 Arctoas
537 1981 637 2045 tristis
652 1981 819 2046 obumbrat
835 2007 942 2067 aquas,

150 2112 215 2179 Sole
230 2115 289 2179 sub
304 2114 442 2191 accidu0,
459 2115 568 2199 procul
583 2115 617 2177 in
632 2114 773 2179 convalle
788 2128 919 2192 remota,

188 2245 337 2312 Saxosive
353 2270 447 2333 super
461 2249 599 2313 culmina
613 2249 698 2313 nuda
708 2249 789 2335 jugi,

148 2369 212 2436 Aut
228 2371 324 2449 ridet,
341 2383 397 2436 aut
412 2373 525 2437 vidisse
540 2384 633 2458 putat
648 2374 720 2460 (seu
735 2375 864 2440 credula
877 2375 960 2440 fallit

186 2504 280 2570 Mens
295 2528 431 2569 vacuum
445 2517 478 2570 et
493 2507 575 2571 fictis
589 2507 671 2571 ludit
686 2506 886 2593 imaginibus,

149 2635 218 2702 Sive
234 2637 320 2722 qued
334 2637 425 2701 aeriae
440 2661 669 2723 nonnunquam
684 2640 750 2704 haec
765 2663 895 2726 corpora
909 2643 1016 2708 formae

187 2770 365 2858 Sumpsere,
380 2773 526 2837 humanis
540 2774 758 2860 conspicienda
772 2775 896 2861 oculia)

148 2905 349 2972 Innumeram
363 2908 530 2993 glomerari
545 2908 652 2984 aciem,
670 2908 851 2993 circumque
866 2910 985 2974 moveri
997 2936 1005 2974 :
1017 2950 1059 2958 -

185 3038 265 3104 Mox
281 3038 390 3104 eadem
404 3039 437 3102 in
453 3050 564 3104 ventus
580 3040 605 3103 it
619 3041 759 3105 resoluta
772 3041 867 3105 leves,

145 3174 240 3240 Haud
254 3177 346 3241 aliter
360 3176 470 3241 mortis
484 3176 614 3263 fugiunt
630 3178 762 3242 evanida
776 3178 810 3241 in
825 3180 953 3243 umbras

185 3308 316 3394 Optima
330 3333 475 3395 quaeque,
491 3310 653 3376 hominum
668 3313 758 3397 queis
773 3314 831 3378 sibi
846 3314 913 3378 vita
926 3315 1050 3400 placet:

145 3441 263 3520 Gratia,
280 3467 363 3528 epea,
380 3445 520 3508 studium
535 3445 659 3530 sophiae,
676 3447 869 3532 laudumque
885 3448 1008 3533 cupida,

184 3575 285 3639 Fidus
300 3599 395 3652 amor,
411 3577 480 3641 fidae
495 3577 611 3663 gaudia
625 3579 787 3643 amicitiae:

144 3708 203 3773 His
213 3710 322 3795 itaque
338 3721 375 3775 ut
389 3711 538 3775 brevibus
551 3711 667 3789 fruere,
683 3724 831 3778 aeternam
842 3738 908 3780 esse
919 3728 1089 3802 memento,

186 3843 267 3935 Quae
282 3854 353 3927 post
367 3843 423 3907 has
437 3843 584 3908 tenebras
598 3854 646 3909 est
661 3844 781 3908 oritura
795 3844 869 3911 dieu.

618 4078 1192 4153 w-„n
