2468 4500
306 412 548 464 ANTHOLOGIA
574 412 799 464 OXONIENSIS.
1060 413 1094 463 ³6

527 980 654 991 ——n—n—

222 1098 278 1162 ΤιΣ
301 1094 390 1178 τήνδε
405 1094 552 1182 Βόστρας
566 1094 628 1178 κάξ
641 1093 817 1178 Ἰδουμαίας
828 1091 899 1160 ὁδόν

221 1230 297 1312 ἥκει,
313 1231 459 1317 βαφαῖσι
473 1226 622 1315 λαμπρὸς
637 1226 772 1311 εἱμάτων
786 1225 889 1310 δέμας,

222 1363 328 1449 στόλῳ
342 1389 377 1429 τε
392 1361 501 1449 κόσμῳ
515 1361 543 1427 τ’
559 1362 728 1450 ἐμπρέπων
741 1359 955 1445 μεγασθενής;

214 1535 309 1604 Ἥκω
324 1534 429 1619 λόγων
443 1562 477 1602 τε
493 1535 546 1601 καὶ
560 1540 662 1625 χερῶν
676 1535 746 1622 δίκῃ
761 1535 888 1601 σθένων.

223 1721 263 1788 Τί
275 1720 355 1803 δῆτα
370 1720 490 1803 κόσμον
504 1719 591 1787 τόνδε
604 1726 786 1810 πορφυροῦν
799 1720 891 1810 ἔχεις,

223 1861 374 1923 πατοῦντι
389 1856 485 1937 ληνὸν
499 1856 634 1946 ἐμφερὴς
647 1856 831 1941 ἐσθήματα;

224 2033 327 2114 Ληνὸν
340 2033 397 2116 μὲν
411 2032 465 2098 οῦν
479 2033 584 2116 ἔγωγε,
602 2033 678 2099 κοῦκ
692 2033 801 2110 ἄλλος,
818 2036 929 2099 πατῶν

224 2169 320 2254 κυρῶ·
337 2165 480 2255 ξυνεργός
494 2165 520 2231 δ’
536 2166 620 2232 οὔτις
634 2165 806 2254 ἀνθρώπων
817 2165 914 2253 πάρα.

223 2299 243 2381 ἦ
256 2298 318 2387 γὰρ
334 2297 470 2380 πατήσω
486 2297 542 2386 σφ’
557 2298 675 2386 ἐγκότῳ
689 2298 779 2388 χόλῳ
793 2301 896 2388 βαρὺς

224 2432 290 2517 λὰξ
302 2433 493 2518 ἐμβατεύων.
519 2434 656 2520 φοινίοις
670 2433 696 2499 δ’
712 2433 822 2518 ἔσθημ’
838 2435 911 2518 ἐμὸν

226 2566 369 2655 δρόσοισι
384 2568 493 2652 τέγξω,
510 2572 620 2634 πᾶσαν
634 2568 813 2635 ἀλλόσσων
827 2567 954 2650 στολήν.

226 2700 407 2786 δεδογμένον
420 2701 482 2791 γὰρ
496 2702 581 2792 ἦμαρ
596 2703 633 2769 οῦ
646 2703 760 2787 μέλλει
775 2702 871 2784 δίκης,

225 2834 362 2923 πάρεστι
377 2833 403 2900 δ’
420 2835 487 2923 ὥρα
501 2840 556 2918 τῆς
570 2839 646 2920 ἐμῆς
661 2836 826 2923 σωτηρίας.

226 2965 242 3031 ό
257 2967 418 3054 κονφίσων
431 2967 493 3057 γὰρ
508 2966 646 3053 οὐδαμοῦ
659 2969 760 3035 πελας
774 2973 889 3056 παρῆν,

226 3096 287 3163 οὐδ’
303 3099 503 3188 οὑπαρήξων·
516 3100 622 3185 θαῦμα
638 3100 663 3167 δ’
679 3100 776 3190 ἐσχον
791 3100 923 3167 εἰσιδών.

226 3230 293 3297 ἀνθ’
310 3231 353 3296 ὧν
367 3231 486 3314 βοήθει’
502 3235 538 3317 ἐξ
550 3238 626 3317 ἐμῆς
639 3234 811 3323 βραχίονος

226 3366 372 3455 ἐφαίνετ’·
395 3367 471 3455 ὀργῇ
486 3367 512 3433 δ’
528 3367 663 3457 ἀσχόλιρ
678 3368 874 3458 ξυνειχόμην.

227 3499 280 3565 καὶ
294 3498 357 3584 μὴν
370 3500 506 3582 πατήσω
521 3505 550 3584 γ)
566 3498 700 3584 ἐγκότως
714 3502 800 3567 ἅπαν
813 3501 910 3585 γένος,

225 3634 354 3700 λύσσαν
367 3638 393 3700 τ’
406 3634 506 3716 ἐνήσω
520 3635 665 3724 βακχίου
678 3635 768 3723 χόλῳ
782 3634 894 3722 βαρύς,

226 3767 313 3834 ἅπαν
327 3768 407 3856 πρὸς
420 3768 513 3835 οῦδας
528 3767 790 3849 σνγκαθελκύσας
803 3768 902 3849 μένος.
