2468 4500
346 397 585 449 ANTHOLOGIA
611 398 836 450 OXONIENSIS.
1084 397 1117 452 37

215 1285 318 1359 melis
334 1287 475 1360 fficium
491 1301 587 1373 apes
603 1284 819 1358 etirrstmun
835 1284 984 1367 &extent

147 1487 256 1566 V1vr8‚
274 1500 307 1553 et
322 1489 418 1552 illaesa
432 1511 489 1573 per
504 1487 590 1552 mille
604 1487 723 1573 pericla
738 1487 852 1565 solute,

68 1618 70 1623 ’
145 1620 299 1686 Octavum
313 1620 388 1686 vitae
403 1621 585 1707 ingrederis,
601 1644 673 1685 mea
688 1620 792 1698 Delia,
808 1621 954 1686 lustrum.

146 1753 186 1819 Et
201 1755 299 1832 vivas,
315 1778 437 1840 precor,
455 1765 488 1819 et
503 1755 606 1819 multa
621 1765 654 1819 et
669 1754 773 1819 felicia
788 1777 911 1840 semper

146 1887 263 1953 Octavo
279 1889 380 1952 lustra
394 1911 582 1953 annumeres
597 1888 799 1974 superaddite
813 1889 923 1954 lustr0.

145 2023 188 2087 At
203 2022 262 2087 tibi
278 2033 420 2086 venturae
435 2022 575 2086 labentia
589 2033 732 2108 tempora
747 2021 820 2085 vitae

144 2156 265 2222 Vellem
280 2165 318 2220 ut
334 2156 367 2220 in
382 2166 494 2221 octavo
509 2157 630 2243 possint
646 2179 679 2221 se
695 2157 804 2221 sistere
819 2157 930 2221 lustro.

144 2293 201 2357 His
216 2291 336 2357 etenim
351 2291 515 2377 ingenium
530 2291 628 2378 viget,
645 2302 678 2356 ct
693 2314 782 2355 mens
797 2291 916 2354 firmior
931 2290 1030 2369 annis,

145 2425 257 2492 Sedula
271 2425 312 2489 ad
326 2434 475 2489 octavum
490 2425 588 2491 coluit
604 2449 700 2511 quum
715 2426 811 2490 Delia
825 2426 971 2491 lustrum.

143 2559 224 2646 Ergo
240 2558 317 2646 age!
340 2557 439 2623 conde
454 2559 560 2623 favosI
583 2559 646 2624 huc
661 2560 713 2624 eui
729 2569 878 2645 provecta
893 2559 934 2624 sit
948 2571 1033 2637 artas,

143 2691 266 2758 Cende!
290 2703 323 2757 et
338 2692 372 2756 in
387 2703 499 2757 octavo
511 2693 624 2780 nugari
639 2692 746 2757 desine
761 2692 882 2757 lustro:

144 2819 222 2885 Nam
238 2821 312 2885 vitae
327 2821 423 2885 decus
438 2822 584 2886 humcnae
598 2821 771 2905 lumenque
788 2821 931 2886 videmus

60 3022 62 3047 Ι
145 2953 271 3041 Semper
286 2954 326 3019 ab
342 2965 454 3020 octavo
469 2956 503 3019 in
518 2956 608 3042 pejus
624 2979 657 3020 se
672 2965 795 3020 vertere
811 2956 928 3020 lustro:

59 3164 61 3171 Ι
142 3088 183 3153 Et
197 3112 268 3175 spes
284 3112 353 3154 sera
367 3089 429 3154 illis
444 3089 537 3153 nimis
553 3099 611 3166 est,
629 3100 661 3153 et
676 3089 794 3154 tardior
809 3090 895 3166 hora,

58 3242 61 3273 ε
143 3218 203 3300 Qui
218 3241 325 3304 neque
340 3219 374 3282 in
389 3229 501 3284 octavo
517 3230 635 3284 norunt
649 3219 731 3284 bene
747 3219 854 3285 vivere
869 3220 979 3285 lustro.

56 3374 60 3451 ζ
141 3356 188 3422 Tu
203 3381 278 3422 vero
294 3356 415 3422 faustos
431 3357 615 3442 quicunque
631 3358 717 3422 voles
732 3358 921 3444 hymenaeos,

55 3456 59 3595 q
142 3489 254 3577 Aspice
269 3491 303 3554 in
319 3501 431 3555 octavo
447 3490 550 3575 qualis
566 3491 608 3555 sit·
624 3491 720 3555 Delia
734 3491 845 3557 lustro.
