2468 4500
296 390 537 443 ANTHOLOGIA
565 392 792 444 OXONIENSIS.
1026 395 1061 446 63

486 809 596 852 XXXV.

269 939 314 1008 liu
330 939 516 1012 cumulum
531 938 660 1033 puilia
675 941 811 1013 Nauia.

115 1167 196 1250 QUA
211 1178 270 1232 tua
284 1191 370 1232 nunc
384 1168 490 1255 gelida
504 1169 656 1254 pallentia
669 1180 782 1246 morte,
799 1168 929 1246 Fidelis,

155 1301 275 1366 Pulcra
289 1301 349 1366 sub
364 1301 498 1366 herboso
514 1300 632 1387 cespite
648 1301 790 1366 membra
800 1302 919 1386 jacent,

111 1429 333 1514 Ruricolaeque
349 1431 443 1494 simul
457 1431 548 1516 pueri
563 1441 743 1515 teneraeque
758 1432 871 1516 puellae

156 1558 249 1626 Serta
263 1560 384 1625 dabunt
399 1561 531 1625 memori
546 1585 627 1647 saepe
642 1561 772 1626 ferenda
786 1586 890 1626 manu.

112 1695 187 1759 Flos
201 1695 296 1760 inerit
312 1719 452 1774 nascens,
470 1696 526 1781 qui
541 1720 574 1761 se
589 1697 674 1782 prior
690 1697 836 1782 explicat,
854 1697 964 1775 omnis,

157 1827 311 1912 Quotque
325 1851 445 1893 novum
460 1828 558 1915 spirat
575 1829 643 1895 Ver
657 1829 821 1916 rapientur
836 1853 919 1916 opes.

114 2095 187 2159 Nou
201 2105 352 2180 poterunt
368 2097 503 2180 querula
517 2097 686 2162 stridentes
701 2122 779 2163 voce
793 2122 851 2184 per
865 2123 957 2163 auras

156 2228 229 2293 Hoc
244 2229 403 2314 placidum
418 2253 527 2294 manes
542 2230 711 2297 sollicitare
727 2256 859 2310 nemus3

114 2364 246 2430 Rustica
260 2366 316 2430 sed
329 2366 429 2451 pubes
444 2366 592 2444 venient3
617 2366 811 2452 timidusque
825 2369 946 2454 pudicae

156 2496 299 2584 Virginis
314 2496 366 2562 hic
381 2498 469 2562 molli
484 2521 517 2562 se
532 2498 601 2563 vice
616 2498 729 2584 prodet
744 2523 840 2564 amor.

115 2755 212 2820 Arida
225 2779 290 2821 non
309 2754 438 2842 Stygios
453 2754 582 2820 audebit
597 2779 673 2842 saga
686 2757 854 2834 tumultus,

154 2889 187 2953 N
188 2912 230 2953 on
245 2889 402 2953 Lemures
417 2888 500 2953 diros
515 2899 609 2953 nocte
625 2888 706 2953 ciere
722 2889 852 2967 chor0s3

116 3023 198 3090 Cura
213 3026 268 3090 sed
283 3025 427 3090 innocuis
442 3025 508 3090 haec
523 3024 602 3088 fient
617 3047 734 3109 pascua
749 3025 919 3111 Nymphis,

155 3159 205 3224 Ut
220 3159 290 3237 tibi,
308 3183 372 3244 qua
386 3160 513 3246 tegeris,
529 3181 674 3244 gemmea
688 3170 773 3224 roret
787 3160 911 3225 humus.

115 3425 245 3491 Pectore
261 3426 300 3491 de
316 3427 412 3491 rubro
428 3427 479 3491 cui
495 3451 610 3492 nomen
626 3428 768 3493 amabilis
783 3429 847 3493 ales

157 3556 246 3643 Saepe
261 3557 333 3643 pius
349 3568 477 3623 tenuem
494 3583 623 3646 vespere
633 3562 749 3647 junget
765 3584 867 3646 opem,

115 3660 260 3756 Floribus
275 3701 313 3756 ut
328 3692 420 3757 lectis
435 3703 468 3758 et
484 3694 554 3758 cani
569 3695 687 3759 vellere
701 3695 802 3759 musci

157 3822 312 3890 Conciliet
327 3826 452 3890 tumulo
468 3827 555 3910 quod
569 3827 644 3891 licet
658 3828 725 3915 ipse
741 3827 844 3892 decus.
