2468 4500
268 391 507 443 ANTHOLOGIA
533 390 762 447 OXONIENSIS,
999 391 1032 440 45
1085 326 1088 372 i

475 1027 559 1071 XXV.

304 1173 501 1264 propinatio
521 1177 562 1245 st
585 1172 727 1246 britan.

111 1398 323 1463 LUMINIBUS
340 1398 424 1484 prior
440 1399 508 1485 ipsa
522 1400 597 1476 tuis,
614 1424 684 1464 mea
700 1400 777 1477 vita,
794 1401 952 1487 propines,
1026 1457 1028 1462 Α

155 1532 209 1599 Sic
223 1533 363 1598 referent
378 1545 484 1620 gratas
500 1558 573 1599 mox
589 1559 660 1600 mea
674 1536 735 1601 rite
751 1536 855 1612 vioes3

112 1663 185 1731 Sive
200 1664 280 1730 libet
295 1665 392 1730 roseis
406 1676 525 1751 paterae
540 1666 614 1732 dare
629 1667 717 1732 basia
732 1666 837 1744 labris,

151 1797 314 1882 Imprime,
331 1808 364 1863 et
379 1798 439 1863 iste
454 1822 542 1863 mero
557 1798 678 1864 dulcior
693 1799 826 1863 haustus
842 1799 911 1863 erit.

110 1929 194 1994 Nam
208 1929 286 1993 mihi
301 1952 372 2014 quae
387 1929 509 1995 dudum
523 1919 627 1996 fervet
643 1931 711 1995 sitis
726 1954 809 2018 aegra
824 1932 883 1997 sub
899 1932 963 1996 into

152 2060 298 2138 Pectore,
316 2062 381 2127 sola
396 2061 491 2127 deum
507 2062 578 2128 vult
593 2063 653 2127 sibi
668 2063 742 2127 vina
756 2063 832 2127 dari.

111 2194 233 2260 Verum
249 2218 317 2281 ego,
335 2207 368 2260 et
383 2196 481 2281 ipsius
496 2196 638 2262 biberem
652 2197 679 2260 si
694 2208 803 2262 nectar
819 2196 961 2283 Olympi,

152 2330 178 2395 J
179 2353 305 2394 urarem
319 2331 379 2395 hoo
393 2331 490 2396 labris
504 2332 716 2416 postposuisse
732 2332 805 2396 tuis.

110 2592 309 2680 Purpuream
325 2619 427 2680 nuper
441 2595 513 2682 misi
528 2595 597 2673 tibi,
614 2619 695 2672 cara,
713 2597 862 2662 corollam

153 2728 319 2814 (Parvula,
336 2739 368 2793 et
383 2728 469 2792 haud
484 2729 605 2794 meritis
620 2752 753 2794 munera
767 2729 863 2817 digna
878 2730 975 2817 tuis);

104 2837 156 2927 ’Et
171 2862 239 2926 dixi
254 2862 414 2926 arridens:
442 2870 462 2899 “
478 2861 625 2926 Dominae
641 2863 667 2926 si
683 2862 767 2927 forte
782 2863 931 2948 placebis,

154 2995 222 3060 Iste
237 3006 313 3059 tuus
328 3017 502 3078 nunquam,
519 2994 621 3071 erede,
638 2995 754 3080 peribit
769 2995 874 3060 odor.”

115 3126 203 3210 Quae,
223 3128 318 3192 simul
332 3127 454 3191 afflaras
469 3127 576 3192 divino
592 3152 632 3192 ex
647 3151 711 3204 ore,
728 3139 901 3193 trementes

156 3261 309 3326 Protinus
321 3260 358 3324 'in
373 3272 495 3326 nostras
506 3261 595 3345 jussa
610 3260 712 3326 redire
728 3284 848 3336 manus,

115 3389 138 3454 J
139 3414 188 3455 am
203 3391 365 3476 proprium
381 3391 486 3455 subito
502 3391 602 3456 nescit
618 3402 742 3456 mutata
757 3392 912 3468 decorem,

157 3522 201 3588 Et
216 3534 292 3589 tuus
307 3547 347 3587 ex
363 3523 417 3588 illo
432 3534 575 3609 tempore
589 3524 706 3588 mansit
721 3524 829 3587 honos.

900 3656 936 3695 w.
947 3655 972 3696 n.
