<?xml version="1.0" encoding="UTF-8"?>
<!DOCTYPE html PUBLIC "-//W3C//DTD XHTML 1.0 Transitional//EN"
    "http://www.w3.org/TR/xhtml1/DTD/xhtml1-transitional.dtd">
<html xmlns="http://www.w3.org/1999/xhtml" xml:lang="en" lang="en">
 <head>
  <title>
</title>
<meta http-equiv="Content-Type" content="text/html;charset=utf-8" />
  <meta name='ocr-system' content='tesseract 3.04.00' />
  <meta name='ocr-capabilities' content='ocr_page ocr_carea ocr_par ocr_line ocrx_word'/>
</head>
<body>
  <div class='ocr_page' id='page_1' title='image "anthologiaoxoni01linwgoog_0062.png"; bbox 0 0 2468 4500; ppageno 0'>
   <div class='ocr_carea' id='block_1_1' title="bbox 360 362 1123 417">
    <p class='ocr_par' dir='ltr' id='par_1_1' title="bbox 360 362 1123 417">
     <span class='ocr_line' id='line_1_1' title="bbox 360 362 1123 417; baseline 0.007 -5"><span class='ocrx_word' id='word_1_1' title='bbox 360 362 602 415; x_wconf 81' lang='lat' dir='ltr'><strong>ANTHOLOGIA</strong></span> <span class='ocrx_word' id='word_1_2' title='bbox 628 364 856 416; x_wconf 77' lang='lat' dir='ltr'>OXONIENSIS.</span> <span class='ocrx_word' id='word_1_3' title='bbox 1092 368 1123 417; x_wconf 78' lang='lat' dir='ltr'><strong>al</strong></span> 
     </span>
    </p>
   </div>
   <div class='ocr_carea' id='block_1_2' title="bbox 577 655 654 702">
    <p class='ocr_par' dir='ltr' id='par_1_2' title="bbox 577 655 654 702">
     <span class='ocr_line' id='line_1_2' title="bbox 577 655 654 702; baseline 0.026 -2"><span class='ocrx_word' id='word_1_4' title='bbox 577 655 654 702; x_wconf 79' lang='lat' dir='ltr'><strong>xvl.</strong></span> 
     </span>
    </p>
   </div>
   <div class='ocr_carea' id='block_1_3' title="bbox 552 770 670 844">
    <p class='ocr_par' dir='ltr' id='par_1_3' title="bbox 552 770 670 844">
     <span class='ocr_line' id='line_1_3' title="bbox 552 770 670 844; baseline -0.025 0"><span class='ocrx_word' id='word_1_5' title='bbox 552 770 670 844; x_wconf 62' lang='lat' dir='ltr'><strong>{utta</strong></span> 
     </span>
    </p>
   </div>
   <div class='ocr_carea' id='block_1_4' title="bbox 154 947 900 1300">
    <p class='ocr_par' dir='ltr' id='par_1_4' title="bbox 154 947 900 1300">
     <span class='ocr_line' id='line_1_4' title="bbox 156 947 866 1034; baseline 0.004 -23"><span class='ocrx_word' id='word_1_6' title='bbox 156 947 252 1012; x_wconf 77' lang='lat' dir='ltr'>AVIA</span> <span class='ocrx_word' id='word_1_7' title='bbox 268 970 334 1032; x_wconf 86' lang='lat' dir='ltr'><strong>qua</strong></span> <span class='ocrx_word' id='word_1_8' title='bbox 347 947 445 1012; x_wconf 77' lang='lat' dir='ltr'><strong>tacito</strong></span> <span class='ocrx_word' id='word_1_9' title='bbox 460 947 601 1034; x_wconf 85' lang='lat' dir='ltr'><strong>perrepit</strong></span> <span class='ocrx_word' id='word_1_10' title='bbox 615 947 746 1014; x_wconf 88' lang='lat' dir='ltr'><strong>flumine</strong></span> <span class='ocrx_word' id='word_1_11' title='bbox 761 949 866 1027; x_wconf 87' lang='lat' dir='ltr'><strong>Dova,</strong></span> 
     </span>
     <span class='ocr_line' id='line_1_5' title="bbox 197 1079 887 1167; baseline 0.004 -23"><span class='ocrx_word' id='word_1_12' title='bbox 197 1081 360 1167; x_wconf 83' lang='lat' dir='ltr'>Exiguam</span> <span class='ocrx_word' id='word_1_13' title='bbox 374 1079 480 1146; x_wconf 86' lang='lat' dir='ltr'><strong>tenuit</strong></span> <span class='ocrx_word' id='word_1_14' title='bbox 495 1091 603 1145; x_wconf 83' lang='lat' dir='ltr'><strong>nostra</strong></span> <span class='ocrx_word' id='word_1_15' title='bbox 616 1081 724 1167; x_wconf 91' lang='lat' dir='ltr'><strong>puella</strong></span> <span class='ocrx_word' id='word_1_16' title='bbox 738 1081 887 1147; x_wconf 90' lang='lat' dir='ltr'><strong>domum:</strong></span> 
     </span>
     <span class='ocr_line' id='line_1_6' title="bbox 154 1213 900 1300; baseline 0.001 -21"><span class='ocrx_word' id='word_1_17' title='bbox 154 1215 260 1279; x_wconf 83' lang='lat' dir='ltr'><strong>Rarus</strong></span> <span class='ocrx_word' id='word_1_18' title='bbox 276 1237 356 1291; x_wconf 85' lang='lat' dir='ltr'><strong>eam,</strong></span> <span class='ocrx_word' id='word_1_19' title='bbox 373 1237 496 1300; x_wconf 83' lang='lat' dir='ltr'>semper</span> <span class='ocrx_word' id='word_1_20' title='bbox 511 1237 600 1278; x_wconf 85' lang='lat' dir='ltr'><strong>rarus</strong></span> <span class='ocrx_word' id='word_1_21' title='bbox 615 1213 761 1279; x_wconf 86' lang='lat' dir='ltr'><strong>laudator</strong></span> <span class='ocrx_word' id='word_1_22' title='bbox 775 1215 900 1292; x_wconf 86' lang='lat' dir='ltr'><strong>adibat3</strong></span> 
     </span>
    </p>
   </div>
   <div class='ocr_carea' id='block_1_5' title="bbox 198 1348 1020 1433">
    <p class='ocr_par' dir='ltr' id='par_1_5' title="bbox 198 1348 1020 1433">
     <span class='ocr_line' id='line_1_7' title="bbox 198 1348 1020 1433; baseline 0.002 -19"><span class='ocrx_word' id='word_1_23' title='bbox 198 1349 266 1414; x_wconf 84' lang='lat' dir='ltr'><strong>Vix</strong></span> <span class='ocrx_word' id='word_1_24' title='bbox 282 1371 421 1433; x_wconf 89' lang='lat' dir='ltr'><strong>quoque,</strong></span> <span class='ocrx_word' id='word_1_25' title='bbox 439 1348 495 1433; x_wconf 91' lang='lat' dir='ltr'><strong>qui</strong></span> <span class='ocrx_word' id='word_1_26' title='bbox 511 1349 661 1426; x_wconf 82' lang='lat' dir='ltr'><strong>colerent,</strong></span> <span class='ocrx_word' id='word_1_27' title='bbox 677 1373 761 1414; x_wconf 83' lang='lat' dir='ltr'><strong>unua</strong></span> <span class='ocrx_word' id='word_1_28' title='bbox 777 1360 810 1415; x_wconf 98' lang='lat' dir='ltr'><strong>et</strong></span> <span class='ocrx_word' id='word_1_29' title='bbox 825 1350 907 1416; x_wconf 85' lang='lat' dir='ltr'><strong>alter</strong></span> <span class='ocrx_word' id='word_1_30' title='bbox 921 1363 1020 1416; x_wconf 89' lang='lat' dir='ltr'><strong>erant.</strong></span> 
     </span>
    </p>
   </div>
   <div class='ocr_carea' id='block_1_6' title="bbox 157 1595 1016 1950">
    <p class='ocr_par' dir='ltr' id='par_1_6' title="bbox 157 1595 1016 1950">
     <span class='ocr_line' id='line_1_8' title="bbox 159 1595 893 1677; baseline 0.003 -15"><span class='ocrx_word' id='word_1_31' title='bbox 159 1595 285 1662; x_wconf 83' lang='lat' dir='ltr'>Scilicet</span> <span class='ocrx_word' id='word_1_32' title='bbox 301 1597 432 1662; x_wconf 82' lang='lat' dir='ltr'><strong>occultae</strong></span> <span class='ocrx_word' id='word_1_33' title='bbox 448 1597 538 1662; x_wconf 86' lang='lat' dir='ltr'><strong>violae</strong></span> <span class='ocrx_word' id='word_1_34' title='bbox 554 1597 714 1663; x_wconf 74' lang='lat' dir='ltr'><strong>crescebat</strong></span> <span class='ocrx_word' id='word_1_35' title='bbox 730 1598 770 1662; x_wconf 86' lang='lat' dir='ltr'><strong>ad</strong></span> <span class='ocrx_word' id='word_1_36' title='bbox 784 1599 893 1677; x_wconf 87' lang='lat' dir='ltr'><strong>instar,</strong></span> 
     </span>
     <span class='ocr_line' id='line_1_9' title="bbox 200 1729 849 1816; baseline 0.003 -21"><span class='ocrx_word' id='word_1_37' title='bbox 200 1729 282 1812; x_wconf 82' lang='lat' dir='ltr'><strong>Quae</strong></span> <span class='ocrx_word' id='word_1_38' title='bbox 296 1729 409 1816; x_wconf 84' lang='lat' dir='ltr'><strong>lapidis</strong></span> <span class='ocrx_word' id='word_1_39' title='bbox 422 1753 532 1795; x_wconf 77' lang='lat' dir='ltr'><strong>museo</strong></span> <span class='ocrx_word' id='word_1_40' title='bbox 548 1731 736 1816; x_wconf 82' lang='lat' dir='ltr'><strong>semioperta</strong></span> <span class='ocrx_word' id='word_1_41' title='bbox 749 1733 830 1798; x_wconf 88' lang='lat' dir='ltr'><strong>latet</strong></span> <span class='ocrx_word' id='word_1_42' title='bbox 841 1757 849 1810; x_wconf 85' lang='lat'><em>3</em></span> 
     </span>
     <span class='ocr_line' id='line_1_10' title="bbox 157 1863 1016 1950; baseline 0.002 -21"><span class='ocrx_word' id='word_1_43' title='bbox 157 1863 236 1929; x_wconf 84' lang='lat' dir='ltr'><strong>Tam</strong></span> <span class='ocrx_word' id='word_1_44' title='bbox 249 1865 369 1950; x_wconf 84' lang='lat' dir='ltr'><strong>pulcra,</strong></span> <span class='ocrx_word' id='word_1_45' title='bbox 387 1863 515 1929; x_wconf 84' lang='lat' dir='ltr'><strong>aetherio</strong></span> <span class='ocrx_word' id='word_1_46' title='bbox 531 1887 628 1948; x_wconf 91' lang='lat' dir='ltr'><strong>quam</strong></span> <span class='ocrx_word' id='word_1_47' title='bbox 643 1887 715 1948; x_wconf 87' lang='lat' dir='ltr'><strong>quae</strong></span> <span class='ocrx_word' id='word_1_48' title='bbox 730 1865 813 1931; x_wconf 88' lang='lat' dir='ltr'><strong>nitet</strong></span> <span class='ocrx_word' id='word_1_49' title='bbox 827 1866 923 1931; x_wconf 85' lang='lat' dir='ltr'><strong>unica</strong></span> <span class='ocrx_word' id='word_1_50' title='bbox 938 1867 1016 1931; x_wconf 82' lang='lat' dir='ltr'><strong>coelo</strong></span> 
     </span>
    </p>
   </div>
   <div class='ocr_carea' id='block_1_7' title="bbox 201 1997 806 2087">
    <p class='ocr_par' dir='ltr' id='par_1_7' title="bbox 201 1997 806 2087">
     <span class='ocr_line' id='line_1_11' title="bbox 201 1997 806 2087; baseline 0.002 -23"><span class='ocrx_word' id='word_1_51' title='bbox 201 1997 311 2076; x_wconf 78' lang='lat' dir='ltr'><strong>Stella,</strong></span> <span class='ocrx_word' id='word_1_52' title='bbox 328 1999 497 2064; x_wconf 86' lang='lat' dir='ltr'><strong>tenebroso</strong></span> <span class='ocrx_word' id='word_1_53' title='bbox 513 1999 625 2064; x_wconf 82' lang='lat' dir='ltr'><strong>clarior</strong></span> <span class='ocrx_word' id='word_1_54' title='bbox 640 2011 710 2065; x_wconf 80' lang='lat' dir='ltr'><strong>orta</strong></span> <span class='ocrx_word' id='word_1_55' title='bbox 723 2001 806 2087; x_wconf 88' lang='lat' dir='ltr'><strong>polo.</strong></span> 
     </span>
    </p>
   </div>
   <div class='ocr_carea' id='block_1_8' title="bbox 159 2240 987 2599">
    <p class='ocr_par' dir='ltr' id='par_1_8' title="bbox 159 2240 987 2599">
     <span class='ocr_line' id='line_1_12' title="bbox 159 2240 970 2328; baseline 0.005 -22"><span class='ocrx_word' id='word_1_56' title='bbox 159 2240 242 2306; x_wconf 82' lang='lat' dir='ltr'><strong>Vitae</strong></span> <span class='ocrx_word' id='word_1_57' title='bbox 257 2266 323 2308; x_wconf 81' lang='lat' dir='ltr'>sors</span> <span class='ocrx_word' id='word_1_58' title='bbox 338 2243 485 2319; x_wconf 81' lang='lat' dir='ltr'><strong>humilia;</strong></span> <span class='ocrx_word' id='word_1_59' title='bbox 509 2243 565 2307; x_wconf 88' lang='lat' dir='ltr'><strong>vix</strong></span> <span class='ocrx_word' id='word_1_60' title='bbox 581 2243 685 2328; x_wconf 92' lang='lat' dir='ltr'><strong>quite</strong></span> <span class='ocrx_word' id='word_1_61' title='bbox 701 2244 797 2310; x_wconf 83' lang='lat' dir='ltr'><strong>sciret</strong></span> <span class='ocrx_word' id='word_1_62' title='bbox 812 2245 970 2311; x_wconf 79' lang='lat' dir='ltr'><strong>ademtam</strong></span> 
     </span>
     <span class='ocr_line' id='line_1_13' title="bbox 200 2376 848 2455; baseline 0.006 -15"><span class='ocrx_word' id='word_1_63' title='bbox 200 2376 332 2442; x_wconf 85' lang='lat' dir='ltr'><strong>Mortali</strong></span> <span class='ocrx_word' id='word_1_64' title='bbox 348 2401 388 2442; x_wconf 88' lang='lat' dir='ltr'><strong>ex</strong></span> <span class='ocrx_word' id='word_1_65' title='bbox 404 2386 499 2454; x_wconf 78' lang='lat' dir='ltr'><strong>coetu,</strong></span> <span class='ocrx_word' id='word_1_66' title='bbox 517 2377 620 2442; x_wconf 83' lang='lat' dir='ltr'><strong>Lucia</strong></span> <span class='ocrx_word' id='word_1_67' title='bbox 634 2377 746 2455; x_wconf 78' lang='lat' dir='ltr'><strong>dulcia,</strong></span> <span class='ocrx_word' id='word_1_68' title='bbox 763 2389 848 2444; x_wconf 89' lang='lat' dir='ltr'><strong>erat:</strong></span> 
     </span>
     <span class='ocr_line' id='line_1_14' title="bbox 160 2511 987 2599; baseline 0.006 -23"><span class='ocrx_word' id='word_1_69' title='bbox 160 2511 253 2576; x_wconf 82' lang='lat' dir='ltr'>Nunc</span> <span class='ocrx_word' id='word_1_70' title='bbox 268 2512 394 2577; x_wconf 90' lang='lat' dir='ltr'><strong>tumulo</strong></span> <span class='ocrx_word' id='word_1_71' title='bbox 408 2511 533 2598; x_wconf 76' lang='lat' dir='ltr'><strong>placida</strong></span> <span class='ocrx_word' id='word_1_72' title='bbox 545 2511 661 2577; x_wconf 80' lang='lat' dir='ltr'>dormis</span> <span class='ocrx_word' id='word_1_73' title='bbox 677 2524 841 2599; x_wconf 82' lang='lat' dir='ltr'><strong>composta</strong></span> <span class='ocrx_word' id='word_1_74' title='bbox 857 2515 987 2598; x_wconf 88' lang='lat' dir='ltr'><strong>quiete;</strong></span> 
     </span>
    </p>
   </div>
   <div class='ocr_carea' id='block_1_9' title="bbox 200 2643 1077 2821">
    <p class='ocr_par' dir='ltr' id='par_1_9' title="bbox 200 2643 1077 2821">
     <span class='ocr_line' id='line_1_15' title="bbox 200 2643 1052 2732; baseline 0.007 -24"><span class='ocrx_word' id='word_1_75' title='bbox 200 2643 259 2708; x_wconf 84' lang='lat' dir='ltr'><strong>Vae</strong></span> <span class='ocrx_word' id='word_1_76' title='bbox 272 2643 279 2708; x_wconf 86' lang='lat' dir='ltr'><strong>l</strong></span> <span class='ocrx_word' id='word_1_77' title='bbox 302 2644 380 2708; x_wconf 92' lang='lat' dir='ltr'>mihi</span> <span class='ocrx_word' id='word_1_78' title='bbox 395 2644 509 2710; x_wconf 82' lang='lat' dir='ltr'><strong>dehinc</strong></span> <span class='ocrx_word' id='word_1_79' title='bbox 525 2645 598 2710; x_wconf 87' lang='lat' dir='ltr'><strong>vitae</strong></span> <span class='ocrx_word' id='word_1_80' title='bbox 613 2669 711 2730; x_wconf 85' lang='lat' dir='ltr'><strong>quam</strong></span> <span class='ocrx_word' id='word_1_81' title='bbox 725 2670 822 2732; x_wconf 84' lang='lat' dir='ltr'><strong>grave</strong></span> <span class='ocrx_word' id='word_1_82' title='bbox 838 2659 937 2713; x_wconf 84' lang='lat' dir='ltr'><strong>restat</strong></span> <span class='ocrx_word' id='word_1_83' title='bbox 952 2649 1052 2714; x_wconf 80' lang='lat' dir='ltr'>onus!</span> 
     </span>
     <span class='ocr_line' id='line_1_16' title="bbox 1017 2781 1077 2821; baseline 0.017 -1"><span class='ocrx_word' id='word_1_84' title='bbox 1017 2781 1077 2821; x_wconf 73' lang='lat' dir='ltr'><strong>ea.</strong></span> 
     </span>
    </p>
   </div>
   <div class='ocr_carea' id='block_1_10' title="bbox 485 2889 747 2897">
    <p class='ocr_par' dir='ltr' id='par_1_10' title="bbox 485 2889 747 2897">
     <span class='ocr_line' id='line_1_17' title="bbox 485 2889 747 2897; baseline 0.004 -1"><span class='ocrx_word' id='word_1_85' title='bbox 485 2889 747 2897; x_wconf 48' lang='lat'><strong>”—</strong></span> 
     </span>
    </p>
   </div>
   <div class='ocr_carea' id='block_1_11' title="bbox 242 3072 985 3273">
    <p class='ocr_par' dir='ltr' id='par_1_11' title="bbox 242 3072 985 3273">
     <span class='ocr_line' id='line_1_18' title="bbox 569 3072 663 3119; baseline 0.021 -2"><span class='ocrx_word' id='word_1_86' title='bbox 569 3072 663 3119; x_wconf 84' lang='lat' dir='ltr'><strong>XVII.</strong></span> 
     </span>
     <span class='ocr_line' id='line_1_19' title="bbox 242 3182 985 3273; baseline 0.007 -21"><span class='ocrx_word' id='word_1_87' title='bbox 242 3182 333 3273; x_wconf 57' lang='grc' dir='ltr'><strong>ῆβιιετ</strong></span> <span class='ocrx_word' id='word_1_88' title='bbox 347 3183 506 3266; x_wconf 62' lang='lat' dir='ltr'><strong>fflatttm</strong></span> <span class='ocrx_word' id='word_1_89' title='bbox 522 3182 660 3257; x_wconf 59' lang='lat' dir='ltr'><strong>&amp;latita</strong></span> <span class='ocrx_word' id='word_1_90' title='bbox 675 3183 842 3255; x_wconf 70' lang='lat' dir='ltr'><strong>tentatam</strong></span> <span class='ocrx_word' id='word_1_91' title='bbox 857 3183 985 3258; x_wconf 69' lang='lat' dir='ltr'><strong>letata</strong></span> 
     </span>
    </p>
   </div>
   <div class='ocr_carea' id='block_1_12' title="bbox 181 3341 1052 3699">
    <p class='ocr_par' dir='ltr' id='par_1_12' title="bbox 181 3341 1052 3699">
     <span class='ocr_line' id='line_1_20' title="bbox 181 3341 1050 3433; baseline 0.002 -25"><span class='ocrx_word' id='word_1_92' title='bbox 181 3341 292 3422; x_wconf 74' lang='lat' dir='ltr'><strong>SUME,</strong></span> <span class='ocrx_word' id='word_1_93' title='bbox 308 3369 399 3432; x_wconf 88' lang='lat' dir='ltr'><strong>puer,</strong></span> <span class='ocrx_word' id='word_1_94' title='bbox 415 3346 475 3412; x_wconf 88' lang='lat' dir='ltr'><strong>tibi</strong></span> <span class='ocrx_word' id='word_1_95' title='bbox 490 3369 561 3431; x_wconf 87' lang='lat' dir='ltr'><strong>quae</strong></span> <span class='ocrx_word' id='word_1_96' title='bbox 576 3347 719 3433; x_wconf 82' lang='lat' dir='ltr'><strong>praebent</strong></span> <span class='ocrx_word' id='word_1_97' title='bbox 734 3345 817 3411; x_wconf 86' lang='lat' dir='ltr'><strong>dona</strong></span> <span class='ocrx_word' id='word_1_98' title='bbox 831 3346 945 3411; x_wconf 90' lang='lat' dir='ltr'><strong>ultima</strong></span> <span class='ocrx_word' id='word_1_99' title='bbox 958 3346 1050 3411; x_wconf 81' lang='lat' dir='ltr'><strong>laetis</strong></span> 
     </span>
     <span class='ocr_line' id='line_1_21' title="bbox 224 3476 773 3555; baseline 0.005 -15"><span class='ocrx_word' id='word_1_100' title='bbox 224 3476 375 3555; x_wconf 80' lang='lat' dir='ltr'><strong>Materni,</strong></span> <span class='ocrx_word' id='word_1_101' title='bbox 392 3478 459 3542; x_wconf 91' lang='lat' dir='ltr'><strong>vita</strong></span> <span class='ocrx_word' id='word_1_102' title='bbox 472 3478 651 3554; x_wconf 86' lang='lat' dir='ltr'><strong>deficiente,</strong></span> <span class='ocrx_word' id='word_1_103' title='bbox 668 3478 755 3543; x_wconf 84' lang='lat' dir='ltr'><strong>sinus</strong></span> <span class='ocrx_word' id='word_1_104' title='bbox 767 3479 773 3543; x_wconf 91' lang='lat' dir='ltr'><strong>l</strong></span> 
     </span>
     <span class='ocr_line' id='line_1_22' title="bbox 182 3607 1052 3699; baseline 0.003 -25"><span class='ocrx_word' id='word_1_105' title='bbox 182 3607 288 3689; x_wconf 89' lang='lat' dir='ltr'><strong>Sume,</strong></span> <span class='ocrx_word' id='word_1_106' title='bbox 304 3612 399 3678; x_wconf 80' lang='lat' dir='ltr'><strong>miser</strong></span> <span class='ocrx_word' id='word_1_107' title='bbox 411 3613 419 3678; x_wconf 89' lang='lat'>1</span> <span class='ocrx_word' id='word_1_108' title='bbox 441 3623 499 3678; x_wconf 91' lang='lat' dir='ltr'><strong>tua</strong></span> <span class='ocrx_word' id='word_1_109' title='bbox 513 3624 546 3678; x_wconf 88' lang='lat' dir='ltr'><strong>te</strong></span> <span class='ocrx_word' id='word_1_110' title='bbox 561 3636 626 3680; x_wconf 91' lang='lat' dir='ltr'><strong>non</strong></span> <span class='ocrx_word' id='word_1_111' title='bbox 640 3613 709 3699; x_wconf 87' lang='lat' dir='ltr'><strong>ipsa</strong></span> <span class='ocrx_word' id='word_1_112' title='bbox 723 3612 757 3676; x_wconf 92' lang='lat' dir='ltr'><strong>in</strong></span> <span class='ocrx_word' id='word_1_113' title='bbox 771 3624 873 3679; x_wconf 81' lang='lat' dir='ltr'><strong>morte</strong></span> <span class='ocrx_word' id='word_1_114' title='bbox 889 3613 1052 3697; x_wconf 87' lang='lat' dir='ltr'><strong>relinquit,</strong></span> 
     </span>
    </p>
   </div>
   <div class='ocr_carea' id='block_1_13' title="bbox 225 3743 1036 3923">
    <p class='ocr_par' dir='ltr' id='par_1_13' title="bbox 225 3743 1036 3923">
     <span class='ocr_line' id='line_1_23' title="bbox 225 3743 912 3834; baseline 0.003 -23"><span class='ocrx_word' id='word_1_115' title='bbox 225 3743 287 3811; x_wconf 89' lang='lat' dir='ltr'><strong>Sed</strong></span> <span class='ocrx_word' id='word_1_116' title='bbox 302 3747 413 3813; x_wconf 85' lang='lat' dir='ltr'><strong>vivum</strong></span> <span class='ocrx_word' id='word_1_117' title='bbox 428 3747 573 3814; x_wconf 85' lang='lat' dir='ltr'><strong>exanimo</strong></span> <span class='ocrx_word' id='word_1_118' title='bbox 588 3759 715 3834; x_wconf 85' lang='lat' dir='ltr'><strong>pectore</strong></span> <span class='ocrx_word' id='word_1_119' title='bbox 731 3757 833 3812; x_wconf 85' lang='lat' dir='ltr'><strong>mater</strong></span> <span class='ocrx_word' id='word_1_120' title='bbox 847 3749 912 3813; x_wconf 87' lang='lat' dir='ltr'><strong>alit.</strong></span> 
     </span>
     <span class='ocr_line' id='line_1_24' title="bbox 1009 3882 1036 3923; baseline 0.037 -1"><span class='ocrx_word' id='word_1_121' title='bbox 1009 3882 1036 3923; x_wconf 77' lang='lat' dir='ltr'><strong>a.</strong></span> 
     </span>
    </p>
   </div>
   <div class='ocr_carea' id='block_1_14' title="bbox 0 0 1243 4500">
    <p class='ocr_par' dir='ltr' id='par_1_14' title="bbox 0 0 1243 4500">
     <span class='ocr_line' id='line_1_25' title="bbox 0 0 1243 4500; baseline 0 0"><span class='ocrx_word' id='word_1_122' title='bbox 0 0 1243 4500; x_wconf 95' lang='lat' dir='ltr'><strong> </strong></span> 
     </span>
    </p>
   </div>
  </div>
 </body>
</html>
