2468 4500
335 418 574 471 anianensem
601 417 826 469 oxonianffls.
1066 421 1099 469 sa
1149 452 1152 559 4

534 735 639 780 XVIII.

252 857 376 949 {tuella
391 859 565 932 &mattam
583 859 744 931 attentat
757 860 917 932 tatastat.

459 1047 608 1106 Στοναχιῖτε
623 1042 711 1091 νάπαι.

140 1197 207 1261 Hal
222 1198 299 1262 mihi
312 1198 318 1263 I
367 1198 473 1281 Quam
488 1222 593 1263 rerum
609 1210 735 1263 mutant
751 1210 873 1264 mutata
887 1200 1023 1264 colorem

176 1321 331 1387 Lumina!
355 1346 451 1406 quam
465 1322 546 1386 laetis
561 1322 666 1387 omnia
679 1323 752 1387 Iaeta
766 1323 890 1388 nitent!

62 1460 64 1487 ³
138 1442 268 1509 Rivulus
284 1444 400 1522 illimis,
415 1445 556 1531 gelidum
572 1469 692 1523 nemus,
710 1470 786 1510 auia
800 1446 934 1522 Favoni

61 1566 63 1593 I
176 1567 278 1631 Floris
294 1567 380 1645 odor,
397 1567 495 1632 fontis
510 1592 681 1645 murmura,
699 1580 810 1633 cantus
825 1567 909 1644 avis3

140 1687 259 1754 Cuncta
273 1690 361 1776 prius
376 1701 468 1776 grata
482 1692 586 1777 specie
600 1692 743 1756 blandita
758 1692 924 1777 plaeebant
936 1715 944 1768 3

139 1935 227 2001 Nunc
242 1935 331 2000 dolor
346 1947 394 2001 est
410 1937 532 2021 ingens,
547 1936 625 2000 mihi
641 1937 726 2021 quod
741 1936 803 2003 fuit
819 1949 892 2003 ante
908 1936 1066 2022 voluptas!

177 2062 221 2126 Et
237 2062 380 2127 cruciant
395 2086 549 2127 memores
564 2062 680 2149 gaudia
694 2075 770 2128 nota
784 2064 880 2128 sinus.

61 2234 63 2245 .
139 2182 230 2249 Nunc
240 2207 351 2249 nemus
362 2195 410 2248 est
419 2183 511 2261 odi03
529 2195 675 2249 moestum
691 2185 824 2272 ingemit
839 2209 916 2249 aura
929 2186 1070 2271 gementi

61 2336 63 2365 :
179 2306 253 2373 Sola
267 2318 370 2371 tremo
386 2306 537 2392 strepitus
546 2331 555 2383 3
581 2307 705 2371 etfacit
721 2308 833 2371 umbra
847 2317 959 2371 metus.

139 2427 208 2514 ipsa
221 2440 362 2503 movent,
379 2429 538 2514 quondam
554 2453 625 2493 mea
639 2453 724 2506 cura,
741 2430 857 2494 rosaria
871 2430 977 2507 bilem,

60 2552 62 2605 ἵ
178 2552 277 2638 Spina
292 2551 378 2636 quod
393 2551 535 2615 altricem
550 2563 672 2638 pungat
687 2563 780 2617 acuta
794 2577 932 2618 manum.

59 2646 61 2677 ἦ
139 2672 278 2739 Difficilis
294 2659 357 2751 fi03
382 2675 504 2760 pulsam
520 2698 635 2759 queror
650 2699 732 2761 aegra
748 2675 909 2759 quietem3

59 2810 61 2825 '
176 2797 233 2860 Nil
245 2798 357 2881 juvat:
383 2807 432 2861 est
448 2797 569 2874 absens,
587 2819 650 2881 quo
666 2797 743 2873 sine,
760 2797 848 2861 nulla
861 2797 996 2882 placent.

140 2914 266 3004 Singula
281 2917 336 2982 sed
352 2917 468 3003 priscos
484 2927 611 3003 possent
625 2941 769 3002 reparare
784 2918 921 2995 decores,

177 3038 279 3104 Grata
292 3039 397 3103 forent
413 3039 511 3104 oculis
526 3039 650 3125 singula
665 3040 732 3104 visa
745 3040 842 3116 meis3

138 3158 270 3227 Roscida
284 3185 479 3247 purpureum
495 3185 644 3248 spargens
661 3163 788 3226 Aurora
802 3163 953 3249 vigorem,

177 3287 221 3352 Et
237 3287 366 3372 zephyri
382 3286 499 3364 dulces,
516 3311 589 3352 cum
604 3288 672 3352 sitit
687 3289 794 3364 herba,
811 3288 915 3365 viaes3

140 3406 250 3473 Suavis
265 3411 450 3474 cantantfim
465 3409 644 3474 discrimina
657 3411 742 3475 mille
758 3411 932 3488 voluerim,

177 3511 405 3617 AEmula'quos
421 3557 491 3597 mea
506 3558 568 3598 vax
585 3544 633 3597 est
648 3534 772 3598 imitata
786 3534 894 3598 modos
907 3558 915 3610 3

55 3746 57 3755 Ι
139 3652 250 3719 Omnia
264 3656 367 3720 adhue
382 3656 497 3720 blando
513 3666 674 3720 tentarent
689 3667 817 3741 pectora
831 3666 931 3731 motu,

180 3775 214 3841 Si
229 3800 333 3841 eomes
349 3787 475 3853 astaret,
493 3800 557 3862 quo
572 3777 649 3853 sine,
666 3777 754 3840 nulla
767 3777 901 3862 placent.

1149 650 1152 713 I

1149 904 1151 937 ι

1149 948 1151 1011 I

178 1813 261 1876 Nam
275 1835 379 1877 comes
395 1814 528 1891 astabat,
545 1837 609 1898 quo
625 1813 703 1891 sine,
719 1814 806 1877 nulla
815 1815 954 1899 ‘plaeent

1204 4214 1216 4223 a
