2468 4500
311 398 552 450 ANTHOLOGIA
578 398 806 450 OXONIENSIS.

429 1010 485 1083 flu
504 1006 697 1099 Jfluullam.

111 1258 206 1340 Qun)
221 1280 293 1321 mea
306 1267 399 1343 rapta
413 1266 476 1320 tuae
491 1253 666 1330 dulcedine,
684 1253 799 1338 Lydia,
815 1252 924 1316 formae

152 1392 293 1479 Corripis
308 1392 342 1456 in
357 1402 484 1456 tantum
498 1390 621 1454 lumina
635 1389 700 1453 fixa
714 1388 828 1465 deeus3

110 1529 152 1593 Et
167 1529 255 1606 mihi,
273 1552 352 1613 quas
368 1537 481 1613 praeter
496 1527 591 1591 nullae
606 1526 756 1611 pepulere
771 1536 927 1602 tuentem,

152 1661 319 1727 subtrahis
334 1684 443 1725 aversa
458 1662 562 1723 fronte
578 1683 687 1724 severa
701 1660 822 1744 genas?

111 1930 157 1996 Ut
172 1942 230 1995 tua
243 1931 384 1995 devitem
398 1929 534 2006 fastidia,
551 1939 681 1992 mutuus
697 1928 778 1991 alter

151 2063 277 2128 Afferat
292 2073 329 2127 ut
344 2063 508 2140 medicam,
525 2086 590 2147 qua
603 2061 688 2137 lieet,
706 2060 787 2146 ignis
803 2083 905 2146 opem,

111 2197 194 2262 Dum
208 2199 288 2264 levis
302 2198 394 2275 hanc,
411 2198 498 2262 illam
512 2197 629 2262 blanda
643 2219 735 2282 prece
750 2195 878 2259 flectere
893 2205 994 2273 tento,

149 2331 269 2395 Lenior
284 2331 392 2395 audita
406 2331 444 2394 fit
459 2354 543 2395 nova
558 2353 693 2415 quaeque
708 2351 810 2414 prece.

111 2596 171 2662 Hei
186 2597 284 2663 mihi!
308 2622 405 2683 quam
420 2598 583 2684 languent,
600 2597 720 2660 frustra
736 2595 884 2659 simulata
899 2595 1018 2681 potitis,

150 2732 276 2798 Gaudia
291 2756 355 2796 non
370 2756 463 2796 verus
480 2756 550 2816 quae
566 2732 625 2796 sibi
640 2731 735 2794 finxit
750 2731 851 2795 amori

112 2864 254 2951 Namque
270 2866 338 2930 aliae
354 2866 498 2951 quamvis
513 2866 619 2930 ocules
635 2876 767 2929 tenuere
782 2865 905 2950 puellae,

150 3000 200 3064 Tu
215 3010 324 3075 tamen
340 3023 470 3064 arcenus
486 3000 621 3086 pectoris
637 3000 729 3072 ardor
744 3023 820 3063 eras.

111 3266 139 3330 N
141 3292 180 3332 οη
194 3293 294 3346 scene,
312 3278 444 3333 externa
458 3292 592 3333 moerens
608 3292 707 3355 vagus
723 3268 798 3332 exul
813 3267 847 3331 in
862 3289 927 3343 cre,

150 3403 288 3489 Hospita
303 3426 398 3487 quem
413 3402 500 3488 regie
516 3425 650 3486 quaeque
665 3402 794 3466 miserta
808 3400 905 3477 fovet,

112 3534 182 3602 Heu
194 3538 201 3602 i
224 3522 369 3623 petriam,
386 3538 521 3622 patriam
536 3536 692 3600 desideret
704 3535 823 3600 I-illa
837 3532 955 3599 carenti

151 3670 233 3749 Sola,
249 3672 324 3736 licet
338 3670 406 3736 vita
420 3670 461 3735 sit
476 3670 667 3747 redimenda,
683 3668 810 3733 domus!

947 3777 973 3817 Β.
