2468 4500
306 411 548 463 ANTHOLOGIA
574 411 801 462 OXONIENSIS.
1032 409 1067 461 59

147 733 189 798 In
204 733 343 820 magicas
358 733 470 798 clausis
485 732 624 797 munitas
639 732 780 797 turribus
794 731 894 799 aedes:

149 868 219 933 Nec
234 867 331 932 miser
346 890 363 932 e
378 867 458 932 duro
472 867 536 932 labi
552 865 681 931 custode
697 864 824 943 valebit,

149 999 256 1081 Quam
271 999 360 1085 prius
375 1009 430 1063 aut
445 998 541 1063 Maiae
556 999 668 1085 proles,
685 998 854 1083 inopumve
870 998 1016 1064 misertus

147 1133 281 1222 Jupiter
295 1133 431 1199 aurifero
447 1132 564 1198 vindex
579 1133 776 1198 descenderit
787 1132 889 1197 imbri.

998 1266 1023 1306 u.

504 1701 622 1747 XXXII.

444 1907 447 1913 .
470 1836 652 1912 lssuhttulu.

110 2038 283 2104 lucanus
298 2041 424 2117 mentis,
440 2040 621 2126 pulcraque
637 2040 807 2106 Rubecula
821 2040 938 2118 formae,

151 2149 304 2227 Conviva,
322 2161 354 2215 et
369 2151 485 2215 nostris
498 2151 611 2236 hospes
627 2152 727 2216 amica
741 2152 827 2228 focis,

111 2260 188 2342 Quae
204 2260 321 2346 patrios
336 2261 411 2326 olim
427 2285 553 2346 campos
568 2261 731 2346 saltusque
746 2262 909 2345 relinquis,

151 2373 269 2460 Frigus
284 2373 339 2438 ubi
356 2385 388 2438 et
403 2373 523 2437 brumae
540 2374 650 2438 saevior
663 2373 740 2438 hora
755 2373 843 2438 venit
856 2397 864 2448 3

110 2484 153 2548 Et
168 2496 270 2549 rostro
286 2485 422 2570 primum
438 2485 567 2570 pulsans
583 2484 696 2569 alaque
711 2484 894 2561 fenestram,

152 2596 281 2683 Exiguo
297 2596 404 2660 fundis
419 2607 552 2683 gutture
568 2596 660 2660 dulce
675 2596 794 2660 melos:

110 2707 248 2792 Jamque
263 2708 330 2793 ipso
345 2708 506 2794 trepidans
521 2708 620 2772 haeres
635 2708 668 2771 in
683 2708 801 2784 limine,
814 2707 948 2792 jamque

153 2819 336 2883 Perlustras
351 2819 448 2883 dubio
462 2819 582 2884 lumine
598 2831 693 2883 cauta
707 2819 836 2883 domum
848 2842 857 2895 3

111 2929 263 2994 Fmstula
277 2941 348 2994 tum
363 2930 478 3016 raptim
494 2931 653 3015 excipiens
668 2930 788 2994 furtiva
803 2928 932 3005 recedis,

153 3041 234 3106 Mox
249 3042 366 3126 repetis
382 3053 510 3107 tenuem
527 3066 590 3106 non
606 3042 719 3106 satiata
733 3041 857 3117 eibum3
1126 2990 1128 3121 Ι

114 3152 296 3239 Hospitium
312 3153 411 3218 donec
427 3164 593 3236 certosque
609 3163 741 3238 experta
756 3152 905 3229 Penates,

152 3265 296 3330 Lascivis
311 3275 434 3329 nostros
449 3264 562 3329 fortior
576 3275 650 3329 ante
665 3264 769 3349 pedes

115 3375 188 3440 Huc
203 3376 330 3450 iterum,
346 3375 494 3462 (hiberno
509 3374 629 3460 frigent
644 3396 782 3457 namque
798 3373 904 3437 onmia
918 3371 1005 3448 eoelu,

154 3486 201 3550 Et
215 3485 326 3572 glacie,
343 3495 375 3549 et
390 3486 493 3570 posita
508 3495 571 3549 stat
586 3485 659 3549 nive
675 3507 772 3548 canus
787 3485 889 3570 agen)

115 3596 189 3661 Huc
200 3596 337 3661 fidenter
352 3596 444 3660 ades:
469 3620 533 3660 non
549 3606 582 3660 te
598 3595 680 3659 mala
694 3595 798 3660 vincla
813 3594 997 3668 manebunt,

159 3706 221 3772 Sed
236 3706 347 3770 domus
362 3717 395 3771 et
410 3707 553 3791 simplex,
570 3716 603 3771 et
619 3706 685 3770 sine
701 3704 811 3769 fraude
828 3705 936 3768 Lares
