2468 4500
348 397 588 450 ANTHOLOGIA
614 399 841 451 OXONIENSIS.
1083 399 1099 450 9

678 555 683 559 .
699 554 741 560 .-
767 556 771 560 .
800 554 1142 563 .--ψ

180 721 307 787 Percita
321 723 521 808 magnanimo
535 723 621 788 fastu
635 723 746 810 regina
759 725 895 802 calescit,

225 855 332 922 Sentit
348 867 381 922 et
396 857 559 922 ardentem
575 859 672 923 verba
686 882 811 924 movere
828 859 931 924 sinum
944 884 952 935 3

183 991 282 1055 Arma
291 990 386 1077 capit,
393 1002 526 1078 pugnat,
533 992 681 1057 moritur:
695 993 911 1078 morituraque
921 993 954 1057 in
964 993 1086 1059 hostem

224 1123 358 1207 Projicit
374 1122 551 1199 indomitas,
568 1134 640 1188 vate
656 1123 799 1200 docente,
815 1124 923 1188 minas.

156 1402 174 1430 “
186 1393 282 1479 Ergo,
300 1417 382 1457 vona
396 1403 532 1468 tumenS,
548 1392 689 1457 misereri
703 1392 817 1469 nescia,
833 1393 946 1481 Romu,

224 1528 280 1592 Dii
295 1527 440 1593 referunt
455 1527 579 1593 sceleris
594 1527 721 1613 proemia
734 1528 830 1614 digna
844 1529 901 1592 tui.

184 1657 285 1723 Nobis
300 1667 384 1722 sorte
399 1657 510 1721 datum
525 1656 635 1720 mundi
649 1656 768 1721 ditione
783 1656 887 1741 potiri,

225 1793 293 1859 Vos
308 1803 416 1858 manet
431 1792 643 1877 opprobrium,
660 1816 716 1858 vos
730 1792 813 1857 mala
827 1793 912 1857 mille
928 1793 1025 1878 pati.'’

990 1928 1007 1966 u
1035 1927 1061 1966 u.

565 2451 618 2496 111.

495 2611 693 2700 tonantum.

228 2825 407 2892 CURRUNT
423 2835 574 2909 tempora,
590 2832 782 2905 mutuasque
797 2822 888 2887 nobis

230 2957 368 3025 Sumunt
383 2956 518 3032 delicias,
530 2957 627 3040 jocos,
639 2956 815 3040 juventam,

227 3092 313 3157 Dein
328 3115 422 3177 rugas
437 3091 529 3154 modo
541 3090 767 3175 pulveremque
782 3088 936 3174 pendunt,

229 3224 329 3307 Queis
343 3234 429 3288 meta
443 3223 537 3287 variae
551 3222 610 3287 viae
624 3234 750 3308 reperta

141 3373 143 3377 ’
229 3356 314 3423 Vitae
328 3355 436 3420 fabula
450 3355 549 3420 tristis
564 3355 597 3419 in
612 3356 754 3440 sepulcro

231 3490 333 3558 Surdo
348 3489 506 3555 clauditur
521 3500 554 3554 et
568 3489 772 3553 tenebricoso.

229 3626 282 3690 Ex
297 3648 361 3710 quo
376 3625 507 3710 pulvere
522 3646 630 3687 rursus
646 3633 679 3688 et
694 3623 837 3708 sepulcro

228 3758 295 3835 Me,
311 3781 411 3844 spero,
428 3757 519 3822 Deus
533 3756 600 3842 ipse
615 3780 666 3822 mo
680 3780 688 3820 1
704 3755 841 3821 reducet.

983 3885 1009 3926 o.
1020 3888 1042 3925 ε.
