2468 4500
169 393 197 440 x
523 390 575 441 Αι)
601 392 802 442 mororum.

1230 490 1233 537 ι

169 667 273 763 quasi
291 667 443 739 similem
462 679 633 740 conatum
651 667 688 739 in
706 668 820 740 altera
846 665 1042 740 Academia
1064 667 1168 740 haud

168 811 221 884 ita
253 810 395 908 pridem
433 813 472 884 in
511 813 630 886 lucem
674 813 859 910 prolatum
892 838 1006 909 pravo
1041 811 1166 885 studio

168 955 391 1028 aemulemur.
445 955 513 1029 Est
546 956 707 1053 profecto
740 983 856 1054 genus
891 956 1073 1055 quoddam
1100 957 1164 1030 ho·

168 1098 319 1190 minum,
355 1099 415 1171 eui
449 1125 514 1172 suo
557 1101 647 1173 alios
680 1101 829 1173 modulo
864 1103 985 1174 metiri
1026 1102 1164 1175 mirum

168 1254 347 1339 quantum
368 1245 519 1341 plaeeat.
573 1246 652 1319 Hoe
679 1260 801 1319 tamen
832 1247 1042 1344 bibliopolae.
1062 1247 1164 1321 haud

166 1389 306 1462 invitus
340 1391 508 1481 concessi,
544 1403 587 1463 ut
621 1390 765 1463 libellus
800 1391 924 1464 eadem
966 1394 1082 1463 forma
1126 1405 1163 1466 et
1225 1474 1228 1489 ‚

168 1535 293 1630 specie,
312 1546 486 1632 tanquam
505 1536 542 1606 in
562 1536 715 1608 similem
732 1537 842 1608 finem
857 1538 1104 1628 concinnatus,
1125 1549 1162 1610 et

166 1680 282 1751 amieo
303 1679 471 1777 quodam,
496 1690 538 1752 ut
562 1706 675 1776 spero,
704 1680 837 1753 foedere
864 1681 1091 1778 conjunctus,
1121 1684 1161 1754 in

164 1824 352 1926 publicum
369 1824 540 1922 prodiret.

158 2034 160 2041 ,
216 1970 345 2044 Restat
370 1983 413 2044 ut
438 1973 575 2069 gratias
601 1999 708 2070 agam
724 1973 856 2045 harum
881 1999 1005 2046 rerum
1022 1975 1160 2048 fautori

165 2117 311 2215 egregio
346 2113 452 2187 AEdis
486 2126 619 2187 nostrae
654 2115 810 2207 Deean0,
847 2118 910 2215 qui
947 2117 1037 2189 mihi
1073 2117 1159 2192 Car·

54 2271 57 2276 ’
163 2262 316 2352 minum,
345 2285 426 2358 quae
453 2261 540 2332 olim
563 2286 584 2332 a
610 2261 745 2333 nostris
771 2263 970 2358 composita
995 2274 1159 2359 tempore
1221 2186 1224 2397 l

165 2387 457 2503 Quadragesimae
482 2406 521 2479 in
553 2404 682 2478 Schola
709 2405 897 2478 Naturalis
915 2405 1158 2503 Philosophia

1221 2504 1223 2535 l

163 2553 309 2624 recitari
325 2577 403 2624 mos
421 2562 508 2642 erat,
527 2550 674 2623 honoris
701 2577 827 2623 caussa
853 2551 945 2624 illud
971 2564 1015 2625 ut
1040 2553 1158 2626 faeere

1220 2556 1223 2611 Ι

77 2765 79 2768 ,
162 2695 288 2769 liceret
300 2696 449 2792 petenti,
462 2695 642 2767 delectum
656 2693 761 2766 edere
778 2695 963 2792 permisit:
981 2721 1047 2768 neo
1064 2695 1156 2768 mihi
1220 2614 1223 2697 i

162 2852 362 2937 temperare
404 2867 551 2939 possum
586 2842 675 2938 quin
715 2841 894 2938 insignem
924 2841 995 2914 viri
1027 2842 1156 2946 eximii
1223 2924 1232 2937 ·

163 2984 309 3084 Georgii
349 2986 478 3078 Booth,
516 2986 550 3060 S.
560 2986 600 3058 T.
610 2986 665 3077 B„
700 2986 966 3059 humanitatem
1002 3013 1154 3059 oomme·
1220 3062 1222 3077 ‚

160 3155 309 3223 morem,
328 3131 392 3229 qui
418 3143 562 3228 promto
590 3143 698 3227 atque
726 3130 837 3202 alacri
860 3129 979 3201 offieio
996 3128 1155 3225 plurima

161 3276 327 3367 eontulit,
360 3288 397 3349 et
425 3277 571 3373 roganti
605 3301 738 3348 novam
768 3274 967 3347 identidem
1003 3275 1152 3371 supelle-

161 3421 284 3494 ctilem
316 3420 355 3491 in
388 3445 518 3492 manus
556 3420 729 3516 conjecit:
774 3446 839 3493 neo
880 3446 966 3492 vero
1006 3432 1152 3517 praeter·

161 3565 303 3640 eundus
327 3577 382 3638 est
405 3565 463 3638 vir
488 3565 662 3662 elegantis
689 3565 825 3662 ingenii
854 3564 1034 3637 Henrieus
1057 3564 1153 3638 Wel·

159 3709 281 3808 lesley,
318 3706 431 3799 M.A.,
468 3707 555 3779 olim
587 3733 635 3780 ex
669 3707 826 3779 alumnis
865 3709 1010 3800 nostris,
1046 3708 1153 3781 hodie

161 3855 267 3928 Aulae
311 3855 407 3928 Novi
441 3853 600 3952 Hospitii
636 3853 969 3952 Vim-Principalis,
1010 3857 1073 3953 qui
1116 3868 1153 3929 et

808 4108 1216 4122 *ἦ
