2468 4500
352 399 587 453 ANTHOLOGIA
614 400 838 452 OXONIENSIS.

292 1245 429 1318 ittarta
444 1245 650 1319 adanensis
667 1246 901 1319 deartuatus.

15 1438 19 1509 i
142 1450 374 1517 MONTIOOLAE
397 1450 532 1514 dormire
550 1451 676 1535 jubent,
704 1450 904 1537 Superosque
928 1451 1056 1538 precari,

189 1583 310 1669 Meque
325 1607 438 1670 vagam
452 1607 527 1648 sana
541 1594 648 1649 mente
663 1608 767 1650 carere
782 1585 907 1650 ferunt:

145 1719 221 1783 Non
237 1742 296 1805 ego
310 1728 460 1783 montano
474 1742 601 1804 possum
616 1719 752 1784 dormire
767 1719 882 1796 eubili3

190 1852 222 1917 N
223 1875 264 1916 on
280 1875 338 1938 ego
353 1861 503 1916 montana
517 1850 647 1917 reddere
662 1875 739 1916 voce
753 1875 870 1938 preces.

149 1984 183 2052 Si
197 1984 302 2050 tamen
319 1984 456 2049 Allanus
472 2009 535 2070 qua
550 1986 689 2051 volvitur
704 2009 817 2051 aureus
833 2009 942 2063 essem,

190 2122 259 2187 Aut
273 2122 328 2187 ubi
342 2122 456 2186 natalis
471 2123 607 2188 Davana
618 2123 729 2188 lambit
744 2146 853 2210 agr0s3

149 2255 294 2322 Suaviter
310 2255 340 2323 Ο
356 2256 420 2322 illic
435 2257 613 2334 dormirem,
630 2267 663 2321 et
678 2257 750 2322 laeta
765 2280 907 2343 precarer

190 2389 349 2456 Conderet
363 2401 402 2455 ut
416 2391 540 2456 tristem
555 2415 618 2456 nox
633 2391 710 2455 mihi
725 2415 846 2456 summa
860 2392 953 2456 diem.

146 2523 218 2588 Hoa
231 2525 358 2590 voluere
373 2524 466 2590 modo
481 2526 591 2612 longos
605 2550 656 2591 me
671 2527 790 2614 fingere
805 2527 916 2604 crines,

190 2653 348 2740 Castaque
363 2654 497 2721 taediferi
512 2657 630 2742 templa
645 2657 750 2722 subire
765 2656 836 2734 dei3

147 2788 229 2853 Nam
243 2789 321 2853 mihi
337 2791 487 2856 dixerunt
501 2791 696 2878 hymenaeam
712 2815 839 2879 surgere
854 2794 968 2870 lucem,

188 2924 329 3010 Visaque
345 2949 414 2989 sum
430 2949 543 3012 sponso
557 2936 657 3012 nupta
672 2926 780 2991 futura
793 2950 872 2991 meo.

147 3046 216 3114 Ah!
238 3050 320 3115 male
334 3050 468 3116 funestae
482 3060 590 3137 pereat
604 3051 689 3115 fraus
704 3051 800 3137 impia
814 3050 933 3116 dextrae

190 3180 349 3268 Sanguine
365 3205 435 3267 quae
449 3183 530 3247 risus
543 3182 653 3248 mersit
668 3183 777 3248 adorta
792 3186 911 3248 breves.

148 3312 237 3380 Heu!
260 3315 324 3381 aito
338 3316 472 3381 blanditi
486 3317 641 3404 fugientia
656 3316 777 3382 somnia
790 3316 869 3382 visit

190 3449 263 3515 Heu
276 3449 283 3516 1
306 3449 418 3538 vigiles
432 3451 535 3529 fietus,
552 3462 584 3517 et
599 3450 682 3516 mala
696 3474 771 3516 vera
785 3449 895 3515 nimis!

1004 3557 1029 3598 a.
