2468 4500
114 745 178 826 Στῆ
194 743 219 809 δ’
236 744 319 826 ὅμως
334 750 426 826 κῆνος
439 742 534 827 μόνος
548 743 599 821 ὤν,
617 749 740 830 έρᾶμος,

113 872 224 954 μάντις
238 871 289 947 ὥς,
306 870 415 937 δεινοῖς
429 870 555 936 ἐπέεσσ’
571 871 724 959 ἀταρβής,

116 996 180 1061 οῖσι
195 1000 252 1061 τᾶς
266 997 346 1061 ύλας
359 995 518 1061 ἑδονοῦντο
534 995 646 1082 φύλλα

513 1121 602 1207 ξηρά,
620 1121 759 1191 θυέλλας

117 1250 158 1312 ώς
171 1248 389 1335 παρελθοίσας
398 1247 576 1330 -Διδύμω
591 1246 631 1330 γ’,
649 1249 809 1336 ὑπέρφρον

110 1372 211 1452 ”Αλί’,
227 1376 322 1457 ἐσμὲν
336 1373 374 1456 δὴ
390 1374 506 1456 διδύμω
523 1374 666 1440 θανόντε·

119 1503 204 1585 ὄμμα
217 1502 280 1588 γὰρ
295 1504 405 1569 τέτακε
419 1500 496 1580 τεόν,
513 1500 582 1567 τεὸν
597 1501 665 1588 δρό-

517 1655 609 1712 μημα
623 1634 775 1695 τελεῖται·

122 1760 172 1839 ἂμ
185 1757 227 1822 ἔτ’
242 1756 411 1843 οἰκτίρμων
426 1754 506 1821 Θεὸς
522 1756 579 1820 οὐκ
593 1758 628 1843 ἐᾷ
645 1756 697 1820 σέ·

123 1883 174 1948 καὶ
188 1883 249 1969 «γὰρ
265 1881 387 1948 αἰώνων
401 1880 453 1946 διὰ
467 1881 587 1968 μυρίων
601 1880 640 1947 ἂν

121 2010 183 2095 ῥεῖν
197 2007 258 2074 ἴδες
272 2008 381 2091 παγὰν
396 2006 536 2093 δακρύων
550 2009 678 2093 βροτοῖς
693 2010 729 2074 οὐ

516 2133 660 2219 ῥεύσεται
675 2135 773 2201 αὖθις.

117 2388 195 2454 ’Άδε
209 2415 258 2454 τοι
272 2389 371 2478 ψυχὰ
385 2390 485 2454 πάλιν
501 2389 544 2454 εἰς
557 2387 703 2466 Ἐκεῖνον,

124 2515 188 2581 δῖον
202 2515 235 2583 δς
249 2516 411 2603 σπινθῆρα
425 2517 562 2603 παρεῖχ’,
579 2515 707 2591 ἄνεισιν,

125 2642 197 2707 ἀλλ’
212 2643 289 2708 ὅταν
303 2642 413 2730 κρύψῃ
429 2643 542 2707 σκοτία
556 2669 594 2708 σε
609 2643 731 2719 καύτόν,

518 2771 555 2834 ού
569 2797 617 2835 τοι
632 2771 759 2858 ἀμαύρὰ

126 2897 183 2984 (μὴ
197 2898 235 2963 τι)
249 2898 414 2985 προσδόκα
428 2897 499 2962 τόδε
511 2896 559 2983 γ’)
574 2897 673 2974 ἔσται,
692 2897 728 2962 ού
742 2921 806 2962 τοι·

126 3024 213 3090 αὖθις
227 3024 269 3089 αὗ
282 3024 448 3103 βιώσεται,
465 3023 500 3089 ἔκ
514 3050 548 3088 τε
562 3024 690 3110 λάμψει

128 3156 232 3216 σοῖσιν
246 3150 401 3238 όιγνώστιρ
414 3153 588 3239 γλεφάροις
601 3154 634 3215 ἐν
648 3151 762 3238 αἴγλα·

522 3283 614 3344 τοῦτο
630 3276 656 3343 δ’
672 3279 794 3365 ἔνερθεν

131 3409 208 3486 σῶμ’
224 3406 399 3471 ἀναστάσει
414 3404 503 3483 Θεός,
521 3404 554 3471 ὃς
569 3404 604 3470 τὸ
620 3404 750 3470 δονλοῦν

129 3531 184 3614 ώγε
198 3532 370 3610 δουλώσας,
387 3533 468 3599 Θεὸς
482 3532 515 3598 ὃς
531 3531 566 3598 τὸ
582 3536 670 3597 νικᾶν

130 3659 245 3745 ἤρπασ
261 3660 297 3742 ἐξ
311 3652 419 3736 A‘ssov,
437 3658 472 3724 τό
488 3685 522 3724 τε
537 3659 661 3745 κέντρον
676 3660 751 3740 ἐξεῖ-

524 3795 580 3850 λεν
594 3784 760 3849 Θανάτοιο.
