2468 4500
286 418 527 470 ANTHOLOGIA
552 417 780 469 OXONIENSIS.
1016 419 1051 469 89

529 873 592 918 LII.

432 1018 476 1089 aa
494 1018 690 1089 damantis.

111 1235 299 1300 RETTULIT
316 1235 466 1318 exequias
481 1235 561 1300 lucis
576 1258 639 1299 vox
653 1234 777 1310 ferrea3
805 1244 910 1319 reptat

153 1369 232 1434 Non
247 1369 315 1434 sine
330 1369 455 1455 mugitu
471 1391 528 1454 per
538 1369 619 1454 juga
633 1367 728 1454 longa
742 1390 848 1453 pecus.

111 1501 182 1588 Ipse
197 1503 327 1567 domum
341 1502 432 1567 tardo
447 1501 591 1588 graditur
604 1500 685 1586 pede
700 1499 801 1564 fessus
816 1509 931 1575 arator,

153 1636 198 1700 Et
213 1636 301 1701 nocti
315 1646 348 1733 et
362 1635 454 1700 nobis
469 1646 555 1700 terra
568 1635 680 1699 relicta
695 1644 794 1698 vacat.

111 1903 249 1988 Jamque
264 1904 371 1968 oculos
386 1904 503 1969 sensim
518 1903 693 1968 sublustres
707 1902 816 1967 fallere
831 1901 936 1976 colles,

155 2037 267 2103 Omnis
282 2048 315 2102 et
330 2037 363 2100 in
378 2048 447 2102 toto
463 2037 600 2102 conticet
615 2060 692 2100 aura
706 2036 787 2121 pulc.

113 2173 253 2238 Tantum
268 2173 374 2238 clausa
387 2172 499 2259 procul
514 2172 650 2237 tinnitus
665 2171 760 2237 ovilia
775 2169 894 2235 mulcet

155 2306 323 2382 Somnifer,
340 2317 373 2371 et
388 2329 500 2371 resono
516 2305 685 2370 cantharus
701 2305 776 2369 orbe
793 2304 888 2369 volat.

111 2572 278 2638 Interdum
292 2584 390 2657 atque
405 2573 521 2638 hedera
537 2574 660 2639 vestitae
676 2595 693 2638 e
709 2573 847 2638 culmine
863 2573 961 2639 turris

153 2707 209 2772 Ad
223 2709 332 2773 lunam
347 2708 477 2773 auditur
491 2719 608 2773 noctua
623 2719 734 2773 moesta
749 2708 858 2792 queri;

113 2841 248 2909 Secretis
262 2842 362 2926 siquis
376 2842 505 2928 propius
519 2842 734 2928 penetralibus
749 2864 857 2906 errans

154 2975 299 3062 Rumpat
314 2977 478 3041 inaccessae
488 2976 563 3060 jura
578 2960 705 3040 vetusta
720 2974 840 3039 domas.

112 3238 239 3303 Audin’
254 3250 291 3304 ut
306 3240 432 3304 insanos
446 3241 543 3303 animi
558 3262 677 3304 cessare
693 3239 851 3304 turnultus

156 3374 237 3455 Quae
253 3375 351 3460 spirat
365 3375 429 3440 late
444 3399 507 3461 pax
522 3375 701 3439 veneranda
710 3375 806 3459 jubet
818 3397 826 3450 ;

111 3508 205 3593 Eque
221 3510 286 3574 selo
300 3511 391 3575 tenui
405 3510 583 3596 gratissima
597 3532 674 3574 voce
690 3520 842 3585 susurrat,

167 3653 187 3682 ‘⁴
201 3643 312 3720 Crede,
329 3656 435 3710 manet
449 3644 548 3710 fessos
562 3667 627 3708 non
642 3643 788 3708 violanda
802 3643 921 3727 quies.’'
