2468 4500
79 267 977 555 T“ffl*''

458 1031 529 1121 AD
558 1032 849 1121 LECTOREM.

157 1647 413 1721 Sinuessanae
456 1646 576 1720 dolere
619 1647 725 1738 soleo,
761 1659 920 1718 veterem
963 1647 1068 1718 illum
1112 1661 1148 1720 et

156 1792 314 1890 probum
331 1816 468 1862 morem
490 1791 576 1890 styli
600 1790 743 1862 assiduo
761 1791 799 1860 in
818 1788 943 1864 Graeco
961 1800 997 1862 et
1015 1789 1148 1864 Latino

157 1938 316 2011 carmine
339 1936 530 2034 pangendo
556 1935 780 2009 exercitandi
798 1936 836 2006 in
854 1935 1051 2008 Academia
1068 1962 1147 2009 nos·

158 2230 267 2303 Hunc
301 2241 425 2301 autem
457 2255 596 2301 morem
624 2228 696 2300 iilis
722 2228 903 2325 praecipue
936 2228 976 2299 in
1010 2227 1147 2300 deliciis

157 2378 277 2468 fuisse,
305 2402 462 2474 quorum
489 2375 693 2449 doctrinam
718 2386 755 2448 et
777 2376 966 2473 ingenium
989 2376 1147 2448 maxime

158 2523 384 2620 suspicimus,
419 2521 556 2594 nemini
589 2521 758 2619 ignotum
791 2532 856 2613 est,
885 2521 949 2619 qui
982 2521 1147 2594 virorum

157 2670 220 2766 qui
245 2696 311 2767 per
344 2670 531 2773 superiora
566 2669 698 2741 saecula
723 2670 974 2742 inclaruerunt
1002 2671 1146 2768 scriptis

155 2815 214 2887 vel
247 2815 377 2888 leviter
406 2815 454 2888 sit
480 2815 655 2887 imbutus.
726 2814 803 2888 Nec
829 2815 991 2888 dubitari
1026 2828 1146 2914 potest

154 2963 245 3061 quin
279 2962 482 3035 subsidium
514 2961 614 3034 haud
643 2961 822 3035 mediocre
856 2962 902 3035 ad
935 2964 1145 3038 interiorem

154 3117 322 3180 veterum
346 3106 557 3204 linguarum
581 3107 758 3179 rationem
775 3107 1061 3204 perspiciendam
1078 3109 1145 3182 hac

100 3284 103 3288 ⁴
155 3263 235 3325 arte
252 3253 454 3349 comparari
471 3253 596 3350 possit.

1211 832 1214 927 i

1211 935 1214 980 1

1210 1404 1213 1461 Ι

156 2097 216 2157 tra
232 2109 306 2156 non
324 2109 365 2155 eo
383 2109 455 2181 quo
469 2082 601 2181 dignus
619 2096 684 2175 est,
699 2082 806 2156 hodie
822 2082 861 2154 in
878 2083 996 2180 pretio
1009 2083 1145 2156 haberi.

1207 2914 1210 2975 i

1206 3288 1208 3341 Ι

1206 3350 1208 3413 i

86 3350 89 3445 i
206 3395 367 3470 Invaluit
401 3410 534 3489 autem,
566 3408 609 3470 ut
643 3397 801 3489 videtur,
836 3399 968 3495 opinio,
999 3410 1144 3495 tempus

154 3545 209 3616 ita
242 3555 278 3615 et
311 3569 457 3640 operam
496 3544 623 3641 perire,
660 3545 690 3616 si
729 3545 924 3618 verborum
939 3643 942 3649 ι
958 3556 994 3618 et
1035 3547 1143 3617 metri

154 3686 330 3778 minutiis
349 3688 568 3783 quibuscum
588 3688 705 3760 omnis
722 3688 761 3759 in
778 3688 846 3760 hoc
862 3714 992 3796 genere
1013 3689 1144 3786 peritia
1205 3656 1208 3809 i

154 3833 354 3907 arctissime
380 3834 574 3931 conjuncta
595 3847 660 3926 est,
679 3834 873 3937 diligenter
898 3834 1144 3932 expendendis

1206 4011 1208 4049 i

610 4093 812 4100 ,ψη-ψ..-
834 4052 1209 4106 ...ἡν-,Ι
