2468 4500
291 328 532 380 ANTHOLOGIA
559 327 787 379 OXONIENSIS.

112 669 181 737 Sive
197 671 315 735 fremat
329 680 446 735 ventus
461 669 563 755 rapidi
578 692 651 733 cum
668 667 798 733 verbere
813 667 924 744 nimbi,

150 805 196 868 Et
212 803 339 889 quatiat
354 802 498 890 fragilem
515 801 652 866 turbinis
668 801 715 865 ira
730 824 853 877 casam3

112 937 183 1004 Sive
198 939 282 1002 feras
298 937 366 1003 noti
381 949 540 1002 sectemur
554 937 588 1000 in
604 959 729 1020 aequore
744 934 868 1021 campi3

152 1071 349 1136 Admonitus
364 1071 404 1136 de
420 1082 453 1136 te
468 1072 572 1135 multa
585 1071 729 1135 revolvet
745 1062 841 1134 amor.

111 1293 211 1357 Plena
225 1293 275 1357 tui
290 1293 429 1357 referent
444 1293 535 1357 nobis
551 1304 584 1357 te
600 1292 666 1356 sola
680 1292 832 1368 locorum,

152 1428 292 1493 Debitus
308 1438 341 1492 et
356 1428 503 1514 lacrymae
518 1450 583 1491 non
598 1425 659 1490 tibi
674 1424 775 1489 deerit
789 1424 898 1489 honos·

111 1562 220 1626 Dulcis
236 1584 314 1638 eras,
331 1560 472 1625 animum
487 1559 588 1623 donec
602 1580 667 1622 non
683 1556 818 1642 amplius
833 1579 953 1642 aegrum

155 1697 233 1762 Haec
248 1697 355 1783 potuit
369 1707 461 1782 grata
475 1697 543 1787 vita
553 1697 668 1780 juvare
683 1716 789 1770 mora3

111 1831 222 1897 Donec
238 1843 271 1897 et
287 1809 446 1896 exstincto
463 1839 602 1914 nequeat
617 1828 818 1892 miserescere
834 1849 929 1891 sensu

153 1964 227 2049 Ipse
243 1963 343 2040 dolor,
359 1963 466 2027 luctus
482 1950 577 2026 causa
591 1959 740 2046 perennis
756 1959 825 2024 eris.

970 2069 995 2110 B.

500 2437 627 2482 XXXVI.

239 2563 241 2566 ’
360 2566 533 2655 curtraco
555 2566 778 2654 striatam.

113 2750 194 2816 NON
208 2748 341 2836 genialis
357 2748 426 2813 erat
441 2746 510 2823 tibi,
527 2746 592 2823 sed,
611 2745 776 2822 Clearista,
793 2746 917 2832 rogatis,

156 2860 231 2943 Quo
246 2860 309 2924 fuit
324 2858 358 2921 in
373 2857 460 2922 tristi
475 2880 555 2921 zona
569 2857 674 2920 soluta
689 2867 769 2921 toro.

116 2970 254 3056 Vespere
268 2994 342 3034 nam
358 2980 467 3055 nuptae
482 2969 600 3033 festum
615 2969 745 3034 tibicine
761 2969 859 3034 limen

154 3081 202 3145 Et
217 3080 349 3144 thalami
364 3080 463 3165 pulsae
477 3091 700 3166 perstrepuere
715 3081 817 3157 fores3

113 3191 210 3256 Mane
225 3214 339 3277 graves
354 3191 501 3276 planctus
517 3190 656 3276 trepidas
671 3213 805 3256 sonuere
820 3214 877 3275 per
892 3190 984 3265 aedes,

156 3304 272 3370 Mutus
288 3314 321 3368 et
337 3285 538 3396 est'querula
552 3326 629 3368 voce
645 3304 775 3390 fugatus
792 3304 935 3390 Hymen.

115 3414 194 3496 Quae
209 3414 303 3478 modo
319 3425 498 3478 consortem
513 3396 588 3478 lecti
604 3414 738 3478 deduxit
753 3414 932 3479 habendam

157 3524 311 3611 Conjugis
326 3525 367 3589 ad
382 3525 487 3589 laetam
502 3524 648 3611 pronuba
662 3525 745 3589 taeda
759 3526 908 3602 domum3

114 3635 187 3721 Ipsa
202 3637 305 3723 (nefas
316 3637 340 3723 ἱ)
355 3637 465 3702 eadem
480 3660 628 3722 pompam
643 3636 794 3702 comitata
809 3661 988 3722 supremam

158 3746 292 3812 Praefuit
307 3747 438 3812 internae
453 3748 519 3812 dux
534 3748 639 3811 minus
655 3757 730 3832 apta
745 3746 812 3812 viae.

1022 327 1055 380 65
