2468 4500
528 296 763 304 ⁴...——-—-—.---..
765 295 866 301 ------

292 407 534 459 ANTHOLOGIA
561 406 789 459 OXONIENSIS.

498 770 603 814 XLIII.

496 904 607 976 biota

57 1125 162 1208 Quam
176 1127 274 1192 modo
288 1127 450 1213 proluerat
465 1128 564 1192 subiti
579 1126 732 1192 violantia
746 1126 857 1201 nimbi,

91 1260 237 1325 AEmiliae
251 1261 368 1326 lcctam
383 1262 500 1327 detulit
517 1262 616 1326 Anna
630 1286 741 1326 rosam.

57 1393 196 1460 Humida
209 1395 417 1482 languentem
432 1397 571 1461 vexabat
586 1396 676 1482 copia
690 1397 811 1474 florem,

94 1528 140 1592 Et
155 1539 253 1614 caput
268 1530 461 1595 ambrosium
477 1531 568 1596 triste
583 1531 738 1618 gravabat
754 1554 842 1596 onus.

56 1659 168 1726 Flebat
183 1662 279 1740 enim,
296 1673 353 1727 aut
367 1686 475 1748 posses
490 1663 551 1728 tibi
566 1664 687 1751 fingere
702 1663 778 1727 flere
794 1663 910 1740 tuenti,

94 1796 140 1860 Et
155 1796 234 1861 folia
249 1808 283 1862 ot
298 1797 430 1883 plenum
444 1808 515 1862 tota
529 1798 634 1884 rigata
648 1797 772 1872 sinum3

55 1929 138 1996 Dum
152 1933 332 2018 lacrymans
348 1933 488 1998 sobolem
503 1932 662 1997 desiderat
678 1935 755 1996 orba
769 1931 924 2008 relictam,

95 2066 203 2149 Quam
217 2068 312 2132 modo
329 2069 438 2133 nativa
453 2080 556 2133 mater
571 2070 676 2134 alebat
692 2093 761 2156 ope.

57 2199 161 2287 Ocyus
177 2202 305 2288 arripui,
323 2204 425 2268 multo
438 2203 515 2268 licet
530 2204 631 2269 imbre
646 2204 799 2281 maderet,

94 2334 227 2400 Deliciis
242 2347 335 2423 aptus
351 2360 410 2402 nec
425 2337 502 2402 satis
518 2347 600 2401 esset
616 2337 701 2402 odor.

56 2465 204 2554 Dumque
220 2480 290 2535 roto
305 2471 400 2535 celeri
415 2471 518 2548 nimis,
536 2470 617 2535 heu!
640 2470 744 2547 nimis,
761 2470 881 2556 impete
896 2470 1025 2547 circum,

94 2597 280 2686 Frangitur,
296 2602 331 2665 in
345 2603 466 2667 luteam
480 2602 539 2667 flos
554 2603 639 2668 cadit
654 2612 744 2667 actus
760 2603 901 2668 humum.

30 2735 44 2765 “
59 2731 151 2801 Haud
166 2761 256 2804 secus
272 2740 401 2827 illepide
416 2741 571 2818 teneroS,'’
595 2763 654 2827 ego
669 2740 784 2818 dicere,
810 2749 831 2778 “
847 2740 1008 2825 quendam

96 2869 244 2936 Vidimus
260 2871 362 2937 officio
378 2872 547 2937 sollicitare
563 2873 667 2937 sinus:

59 3003 127 3087 Qui,
143 3006 227 3071 male
242 3006 371 3082 solatus,
388 3005 493 3071 studio
509 3006 665 3070 cruciaret
680 3006 790 3090 inepto

96 3138 233 3203 Pectora
243 3138 311 3222 jam
325 3138 431 3202 luctus
446 3138 541 3202 docta
554 3148 660 3203 tacere
676 3161 757 3202 suos.

59 3269 143 3337 Dura
157 3272 351 3358 pepercisset
365 3272 459 3336 modo
475 3272 501 3335 ei
517 3295 640 3349 manus,
658 3272 718 3336 iste
734 3293 905 3357 parumper

98 3405 181 3472 Cum
196 3428 286 3470 rosea
300 3407 410 3490 pulcer
424 3405 482 3469 flos
497 3405 652 3492 viguisset
666 3406 760 3482 hera3

62 3536 101 3604 Et
113 3539 194 3605 benc
210 3539 237 3604 si
251 3539 425 3624 lacrymam
440 3538 575 3617 siccaris,
592 3539 676 3603 forte
692 3549 868 3623 sequentur

98 3677 201 3744 Frons
215 3678 305 3755 levis,
322 3690 353 3743 et
371 3677 436 3742 risu
451 3687 542 3763 grata
556 3677 673 3741 labella
687 3676 799 3742 novo.''
