2468 4500
317 420 558 472 ANTHOLOGIA
584 420 812 472 OXONIENSIS.
1042 421 1077 475 27

527 700 609 746 XIII.

449 813 550 886 Issusa
566 813 689 885 Infans.

149 981 183 1046 N
186 1001 258 1044 ΑΤΑ
274 980 337 1045 fuit
352 981 455 1058 terris,
471 980 527 1046 ubi
543 1004 614 1065 quae
629 981 754 1067 potiora
768 981 946 1069 vigescunt,

193 1116 305 1180 Prima
320 1116 429 1181 eadem
444 1115 510 1180 fato
525 1115 681 1180 deteriore
696 1115 835 1193 eadunt3

150 1250 212 1315 Illa
226 1250 321 1314 Rosae
336 1249 482 1336 fragilem
497 1249 582 1335 oepit
597 1273 670 1314 curn
685 1249 813 1315 nomine
828 1250 936 1329 vitam,

194 1386 273 1452 Una
287 1385 376 1450 dedit
391 1408 499 1462 cunas,
516 1385 613 1449 funus
630 1396 662 1451 et
678 1409 743 1450 una
757 1386 839 1452 dies!

938 1498 967 1538 s.

523 1709 598 1754 XIV.

489 1821 638 1895 stunt.

333 1970 408 2026 Uxor
419 1977 519 2024 mortua
532 1971 634 2023 viduum
645 1970 792 2041 alloquitur.

113 2111 186 2178 Se1s
200 2112 284 2178 bene
300 2134 397 2196 quam
412 2110 530 2174 multos
544 2118 653 2173 tecum
668 2109 838 2193 conjuncta
853 2132 909 2194 per
925 2133 1039 2188 annos·

150 2247 194 2310 Et
210 2244 299 2330 quali
313 2243 439 2320 fuerim,
456 2266 527 2307 care
542 2241 666 2319 marite,
683 2242 753 2306 fide.

112 2379 202 2444 Nune
217 2377 328 2442 mundi
343 2376 507 2441 illecebras
523 2398 619 2460 supra
633 2397 788 2459 curasque
803 2374 934 2461 fugaces

149 2513 289 2588 Eveh0r‚
305 2509 448 2576 aethereis
464 2509 641 2573 consociata
655 2508 765 2573 choris.

112 2645 140 2709 N
142 2670 177 2712 ee
191 2645 278 2721 mihi,
296 2645 410 2709 eoelum
424 2643 485 2708 hoe
500 2654 532 2707 et
548 2642 688 2708 eoelestia
701 2641 818 2727 gaudia
832 2653 941 2718 testor,

152 2781 237 2846 Vitae
252 2779 333 2843 dura
347 2777 409 2842 fuit
425 2788 511 2841 meta
526 2799 674 2861 suprema
688 2799 785 2840 meae:

114 2911 157 2977 Te
171 2913 274 2978 solum
288 2909 420 2986 indolui,
435 2918 469 2974 te
484 2908 569 2972 inter
583 2908 668 2971 mala
681 2917 771 2972 tanta
786 2907 980 2990 relinquens,

153 3041 250 3108 Heu!
274 3041 357 3105 mein
372 3063 457 3104 nune
472 3040 577 3104 animo
592 3051 661 3105 tota
675 3038 806 3104 ferenda
820 3050 886 3105 tu0.

116 3175 175 3242 Sed
188 3177 249 3242 tibi
265 3174 375 3261 pandit
389 3175 451 3239 iter
465 3173 618 3238 divinitus
633 3174 728 3238 insita
743 3175 854 3251 virtus,

154 3309 223 3373 Has
239 3331 336 3373 caeeas
350 3307 425 3373 vitae
440 3306 612 3372 discutiens
627 3307 783 3372 tenebrae.

115 3442 167 3508 Me
182 3466 322 3528 quoque,
339 3466 379 3507 ne
394 3442 500 3507 doleas
513 3442 520 3506 I
543 3441 691 3506 comitem
705 3465 757 3506 me
772 3464 896 3526 semper
910 3440 1050 3518 habebis,
1150 3446 1152 3451 ⁴

154 3576 198 3640 Et
213 3574 292 3639 mihi
307 3574 371 3638 fida
384 3583 447 3638 tuae
463 3597 539 3638 eura
554 3573 664 3639 salutis
680 3572 760 3648 erit3

115 3708 221 3775 Donec
237 3709 311 3774 viva
324 3708 442 3811 iteruin
456 3707 603 3772 morienti
620 3717 652 3772 et
667 3706 799 3792 pulchra
814 3705 954 3782 videbor,

154 3843 232 3908 Dux
247 3842 307 3908 tibi
322 3842 356 3906 in
370 3853 503 3906 aeternas
518 3841 564 3906 ire
580 3851 689 3926 parata
703 3840 820 3904 domos.

988 3950 1013 3990 e.
