2468 4500
367 394 608 446 ANTHOLOGIA
634 393 862 445 OXONIENSIS.
1106 391 1138 447 17

413 855 469 928 et
485 853 668 941 OEuntupm
684 861 828 941 ereptam.

169 1063 353 1128 FORSITAN
368 1073 402 1127 et
417 1085 481 1127 non
496 1073 529 1127 te
544 1061 652 1126 flerem
669 1061 818 1126 viduatus
833 1062 1002 1140 ademtam,

214 1194 351 1262 Credere
366 1196 532 1261 mortalem
548 1196 574 1259 si
589 1196 745 1282 potuisset
759 1219 865 1273 am0r3

170 1329 226 1394 Me
241 1340 348 1395 tamen
363 1328 579 1393 immemorem
594 1328 689 1414 fugit,
705 1327 765 1392 tibi
780 1327 851 1392 luce
866 1327 988 1392 fruenti

213 1463 302 1529 Dum
318 1486 422 1528 comes
437 1462 604 1539 haerebam,
620 1476 655 1528 te
671 1485 799 1546 quoque
815 1485 906 1547 posse
922 1462 1021 1526 mori:

172 1597 246 1661 Non
261 1597 369 1675 subiit,
386 1591 555 1683 properare
570 1619 660 1660 suam
676 1595 860 1682 contingere
876 1606 994 1660 metam

216 1732 360 1799 Candide
375 1733 521 1818 neglecto
537 1743 680 1817 tempora
694 1731 782 1817 lapsa
797 1731 917 1816 gradu3

172 1865 217 1931 Et
232 1866 309 1944 sore,
327 1889 391 1951 quo
407 1890 471 1930 non
486 1877 520 1931 te
535 1877 710 1951 spectarem
727 1888 797 1951 ege,
815 1865 933 1953 Lydia,
950 1887 1009 1929 nee
1024 1875 1061 1928 tu

217 1997 321 2065 Suave
336 1999 496 2065 renideres
511 1998 646 2084 amplius
663 1997 731 2083 ipsa
745 1997 804 2061 die.

172 2243 270 2309 Nunc
284 2243 392 2320 etiam,
409 2243 540 2329 placidis
556 2267 630 2308 mox
645 2243 783 2308 arrisura
797 2242 922 2308 labellis

215 2376 349 2453 Pallida,
366 2376 444 2439 dum
459 2387 578 2461 specte,
596 2375 744 2440 credulus
760 2399 815 2439 ora
829 2386 926 2460 put03

173 2511 206 2576 N
207 2533 242 2576 ee
256 2512 349 2587 bene,
365 2532 416 2573 me
431 2508 552 2573 frustra
566 2508 681 2573 faeiem
696 2520 838 2594 spectare
853 2508 1021 2594 rigentem,

214 2645 259 2709 Et
274 2645 364 2709 labra
374 2644 443 2729 jam
458 2643 547 2707 nulle
562 2664 639 2707 voce
654 2641 821 2717 movenda,
838 2640 914 2704 fero.

173 2777 222 2842 At
235 2777 368 2862 loqu0r3
393 2786 435 2854 et,
452 2798 576 2861 semper
592 2798 663 2858 quae
678 2787 791 2859 sponte
806 2773 925 2838 referre
942 2773 1072 2849 solebas,

215 2911 333 2978 Dulcia
348 2935 433 2977 nunc
449 2911 585 2998 primum
603 2933 667 2975 non
682 2909 760 2973 mihi
775 2911 872 2974 verba
886 2906 994 2972 refere

174 3045 298 3113 Certior
312 3046 394 3111 heu!
417 3068 539 3122 verum,
556 3068 621 3128 quo
636 3067 722 3108 nune
737 3053 826 3128 patet
842 3043 956 3119 indice,
973 3041 1073 3106 sensi:

216 3182 359 3257 Mortua,
376 3204 436 3246 nee
451 3180 552 3257 fallor,
570 3179 678 3264 Lydia
693 3201 774 3255 cara,
787 3175 893 3262 jaces!

176 3426 267 3494 Siout
281 3449 325 3503 es,
342 3435 376 3489 at
390 3447 514 3489 mecum
531 3423 557 3487 si
572 3422 688 3508 frigida
702 3431 772 3486 tota
786 3442 939 3495 manerem

219 3558 310 3627 Sicut
326 3583 368 3637 es,
385 3569 418 3622 at
433 3580 560 3621 meeum
574 3565 644 3621 tote
659 3577 778 3631 serena,
795 3553 900 3629 domi3

176 3693 220 3758 Et
235 3693 285 3758 vel
301 3691 404 3756 adhue
419 3689 553 3754 tacitum
570 3710 744 3773 premerem
760 3685 820 3751 tibi
835 3694 961 3770 pectore
977 3692 1099 3767 pentum

218 3826 264 3892 Et
278 3826 376 3903 labra,
393 3823 484 3910 queis
499 3822 580 3886 risus
596 3832 670 3885 ante
684 3819 785 3895 fuere,
800 3816 906 3882 labris,
