2468 4500
306 396 549 448 Anrnoroam
575 396 805 448 oxoniensis
1044 395 1080 447 29
1130 380 1133 469 ζ

777 550 1124 558 ——-——

557 691 616 736 XV.

323 804 458 880 &tatia
473 804 603 896 letalia
620 804 855 878 dantiunmla.

135 979 256 1045 Srrssn
271 1003 349 1045 rosae
363 990 481 1046 texunt
496 979 529 1043 in
546 979 636 1045 Medi
652 980 836 1045 umbrneula
851 981 927 1067 ripn,

175 1112 292 1179 Tristis
307 1112 363 1178 ubi
377 1125 462 1178 totos
476 1113 533 1179 flet
549 1113 727 1179 Philomela
741 1115 816 1180 dies.

133 1246 236 1313 Dulce
251 1247 330 1312 mihi
344 1271 458 1332 parvae,
475 1271 534 1312 eeu
549 1248 670 1313 somnia
684 1248 765 1324 laeta,
782 1249 904 1315 sedenti

179 1380 247 1449 Sub
263 1406 354 1447 roseo
368 1382 455 1446 visus
470 1382 612 1468 tegmine
628 1393 741 1447 cantus
756 1383 831 1447 avis.

134 1515 196 1580 Illa
210 1515 321 1581 vident
337 1539 491 1582 memores
506 1515 691 1581 umbracula
705 1539 828 1601 semper
843 1517 952 1593 ocelli3

178 1649 240 1715 Ille
256 1672 328 1715 mea
342 1672 507 1734 nunquam
523 1659 635 1713 cantus
650 1648 683 1712 in
699 1672 774 1714 aure
791 1649 882 1714 silet:

138 1781 258 1869 Saepius
274 1794 308 1848 at
322 1806 448 1848 meeum
463 1805 576 1847 vernas
591 1782 746 1847 meditata
760 1782 819 1847 snb
835 1782 937 1859 horas,

138 1919 279 2005 “Luget
294 1917 397 1982 adhue
412 1916 477 1982 illie
491 1940 570 1981 num
585 1916 807 1982 Philomela?”
829 1941 914 2003 roge.

111 2061 128 2090 “
139 2051 236 2128 Num,
252 2051 331 2116 mihi
347 2051 404 2136 qui
419 2050 519 2127 fulsit,
536 2051 647 2116 solitus
662 2062 771 2117 manet
786 2052 840 2118 ille
855 2063 969 2130 rosetn,

181 2184 279 2267 Quod
293 2183 416 2270 plaeido
431 2182 549 2248 Medus
565 2182 700 2267 praelluit
716 2207 817 2259 amne,
834 2183 976 2249 rubor?”

140 2318 285 2396 Credula,
303 2317 381 2404 quid
396 2317 506 2381 volui?
528 2316 639 2381 melior
654 2317 717 2382 cito
732 2317 857 2382 transiit
873 2329 966 2394 aetas3

179 2451 317 2518 Pensilis
331 2451 365 2514 in
381 2449 532 2516 tremulas
548 2461 581 2514 et
595 2473 667 2515 rosa
680 2449 774 2515 fluxit
790 2473 905 2535 aquas3

139 2583 250 2650 Pressa
265 2584 321 2649 sed
336 2607 376 2649 ex
392 2583 460 2669 ipsa
474 2583 600 2649 sudavit
614 2595 710 2670 gutta
724 2585 872 2662 medulla,

181 2716 289 2799 Quam
304 2727 415 2782 tenero
430 2725 546 2800 carptae
561 2715 637 2781 flore
653 2715 767 2781 dedere
783 2739 888 2782 eomae.

141 2850 239 2917 Totus
254 2862 288 2917 et
303 2850 431 2927 astatis,
448 2850 542 2915 vivax
558 2861 667 2916 aestate
682 2862 819 2935 peraeta,

181 2984 304 3049 Mansit
320 2984 353 3047 in
369 3007 517 3070 expresso
532 3008 602 3049 rore
618 2995 777 3070 superstes
793 2985 877 3050 odor.

142 3116 208 3183 Neo
222 3141 322 3194 secus,
339 3118 520 3182 abstrusum
536 3141 625 3182 mens
642 3117 727 3182 elicit
743 3130 817 3183 ante
833 3119 984 3205 vigorem,

182 3249 309 3316 Gaudia
325 3274 421 3335 quam
436 3262 568 3336 pereant
583 3275 647 3316 non
662 3251 812 3328 reditura,
829 3276 969 3329 niem0r3

141 3380 341 3468 Deliciasque
356 3383 469 3448 breves
484 3383 628 3460 nimium,
644 3384 849 3469 fructumque
865 3385 1029 3463 caducum,

183 3516 297 3599 Qualis
312 3531 390 3593 erat,
408 3518 505 3583 talem
520 3517 650 3604 spiritus
665 3517 719 3583 ille
734 3518 842 3584 refert.

143 3651 220 3719 Tam
235 3655 313 3718 mihi
328 3655 373 3719 sie
388 3655 502 3732 anirno,
521 3655 612 3720 Medi
627 3679 698 3740 quae
713 3657 805 3722 littus
820 3657 1012 3735 inumbrant,

185 3789 300 3875 Usque
315 3789 431 3867 nitent,
448 3790 547 3855 oeulis
562 3814 659 3875 quam
674 3791 809 3868 nituere,
826 3815 911 3857 rosae.

968 3928 985 3968 a

67 4103 202 4125 χ,-
