2468 4500
286 420 527 472 ANTHOLOGIA
552 413 777 473 oxoumusrs.

533 919 571 964 11.

472 1109 640 1181 boabitas.

149 1365 233 1431 CUM
247 1365 339 1428 modo
355 1365 508 1428 Romanis
523 1365 633 1451 regina
648 1363 834 1428 Britannica
847 1361 953 1449 flagris

195 1497 317 1573 Saucia,
333 1498 452 1562 nudato
468 1498 709 1584 sanguinolenta
724 1497 814 1573 sinu3

150 1631 320 1720 Indignata
334 1631 424 1695 malis
439 1631 652 1707 succumbere,
668 1630 773 1695 nescia
787 1630 880 1706 vinci,

196 1765 279 1831 Cum
293 1765 387 1851 petiit
401 1765 519 1850 patrios
535 1764 757 1848 consuluitque
773 1764 867 1839 deos3

152 2030 306 2095 Praescius
321 2054 361 2096 en
375 2030 492 2115 patulae
507 2051 643 2114 quercus
657 2031 716 2093 sub
731 2028 870 2114 tegmine
886 2027 964 2093 sedit

196 2165 269 2228 Rex
284 2163 454 2241 Druidum,
471 2163 564 2228 nivea
578 2164 658 2228 colla
671 2173 800 2249 tegente
816 2186 912 2228 coma

155 2296 280 2374 Omnia,
297 2320 368 2381 quae
383 2308 473 2362 vates
488 2321 616 2363 accenso
632 2322 649 2363 e
665 2308 792 2382 pectore
806 2297 901 2374 fudit,

196 2429 417 2519 Plenagravis
431 2430 546 2506 luctus,
563 2429 658 2514 plena
671 2429 786 2495 furoris
801 2439 900 2494 erant.

111 2706 132 2735 “
148 2696 179 2764 Ο
194 2698 328 2774 (lomina,
344 2699 487 2764 imbelles
502 2698 528 2762 si
543 2709 634 2762 tanta
648 2697 765 2782 injuria
778 2707 887 2780 guttas

198 2831 305 2909 Elicit,
322 2843 355 2897 et
371 2843 501 2917 possunt
517 2831 561 2894 nil
575 2831 635 2895 nisi
650 2830 725 2895 flere
741 2853 850 2904 senes,

155 2967 215 3030 Est
231 2966 308 3051 quia
321 2976 457 3031 terrores
472 2965 576 3030 aufert
591 2963 741 3029 violentia
755 2963 870 3038 luctus,

199 3098 383 3183 Nostraque
399 3122 462 3183 prae
477 3098 574 3162 nimio
589 3098 699 3184 lingua
713 3099 818 3161 furore
835 3095 914 3160 silet.

125 3374 145 3402 “
160 3364 264 3429 Roma
277 3364 387 3429 cadet:
412 3364 465 3452 (tu
480 3363 579 3448 scribe
594 3386 679 3428 meas
694 3386 751 3449 age
767 3361 919 3448 sanguine
934 3383 1034 3441 voces,

204 3496 375 3583 Sanguine,
381 3521 456 3582 -squo
470 3508 593 3562 nostros
608 3496 847 3561 commaculavit
862 3492 979 3581 agma)

161 3629 223 3716 Spe
239 3631 305 3696 sine
320 3631 477 3697 detestata
492 3632 601 3696 cadet:
627 3631 690 3696 cito
704 3629 871 3717 praegravis
886 3628 972 3692 illam

202 3764 267 3829 Par
282 3765 390 3830 sceleri
406 3776 505 3842 tanto,
522 3765 622 3841 crede,
639 3765 731 3828 ruina
744 3772 874 3849 premet.
